2738 4762
182 290 248 337 cru
274 268 431 341 GAROLI
445 270 504 339 DU
518 268 681 339 FRESNE
693 266 853 337 nomm
865 270 925 337 Db'
939 268 1075 338 Clb'GE
1086 274 1299 351 PRaErsn

182 446 260 505 oties
279 442 393 521 μικροῦ
411 432 486 513 τούς
504 428 687 511 duodenam,
707 432 760 497 sul
774 432 809 497 sd
822 430 879 515 pis·
891 430 1028 501 scottae
1040 436 1190 521 Ξξπᾶῑιι,
1217 444 1298 531 ,Νι

182 558 221 623 sd
234 556 312 625 mai
326 556 428 641 μέρος.
467 576 575 615 raum
591 566 728 615 accurata
743 556 962 637 quantumlibet
972 560 1012 617 sit
1025 578 1103 642 qnae
1114 578 1205 623 nnnc
1217 587 1296 650 pm.

183 676 228 739 dit
241 676 326 737 aedis
342 672 517 757 Sopbinnae
528 675 702 735 elucubrata
715 695 734 733 a
749 676 844 735 Paulo
859 675 1030 738 silentiario
1042 677 1195 759 ἔκφρασις
1202 728 1214 761 ,
1238 690 1296 749 rix

179 810 284 857 tamen
305 816 341 857 ea
360 816 439 879 qnae
461 794 588 857 obscuro
608 798 681 855 satis
703 796 835 855 carmine
859 794 1040 878 vocibusque
1059 792 1144 857 bnnd
1167 808 1296 881 passim

180 920 278 978 obriis
292 936 413 997 aspersa
426 916 570 991 inrolrit,
591 910 667 973 adeo
678 914 837 995 perspicua
853 923 923 972 sunt
936 924 969 973 ut
983 912 1121 995 diligenti
1138 926 1295 986 examine

180 1038 233 1098 rel
245 1048 325 1097 certe
339 1036 528 1115 expositione
542 1052 603 1093 non
616 1032 783 1113 indigeant.
824 1050 896 1091 nam
910 1052 980 1091 cnm
992 1044 1092 1115 partes
1104 1036 1191 1117 ipsas
1204 1052 1294 1103 tem.

180 1158 226 1237 pli
247 1156 461 1217 vocabulorum
482 1156 667 1235 poeticorum
688 1150 1017 1229 circumlocutionibus,
1038 1151 1182 1235 graphice
1200 1162 1291 1241 licet,

182 1276 348 1353 describat,
367 1278 499 1355 partium
519 1276 653 1353 ipsarum
669 1272 808 1347 nomina,
829 1268 912 1352 qnod
930 1274 1078 1352 praestitit
1094 1276 1190 1335 etiam
1205 1282 1290 1343 Pro.

182 1400 306 1478 copius,
328 1396 446 1470 omisit,
468 1396 511 1453 ita
534 1404 568 1452 nt
590 1392 703 1471 legenti
716 1410 782 1449 rem
792 1392 889 1470 magis
902 1388 1058 1451 divinandi
1070 1411 1166 1475 (Ῑιιαιιι
1176 1400 1288 1465 enim

181 1512 366 1597 percipiendi
380 1514 481 1575 locum
494 1512 677 1594 praebuerit.
718 1520 899 1591 quapropter
911 1506 994 1569 baud
1007 1512 1161 1591 ingratum
1174 1517 1287 1581 leetsfi

180 1636 246 1694 lore
256 1632 332 1694 mibi
345 1634 489 1715 persuasi,
511 1634 537 1691 si
551 1628 724 1711 Sophianac
737 1628 829 1705 aedis,
850 1637 939 1709 atque
951 1600 1027 1691 adeo
1039 1630 1109 1693 data
1120 1639 1285 1701 occasion

179 1764 345 1815 ceterorum
367 1750 449 1833 apud
472 1753 602 1811 Graecos
621 1750 818 1831 templorum,
840 1746 1070 1829 descriptionem
1085 1754 1284 1837 aggrederer,

177 1894 304 1959 eamque
319 1894 362 1934 ex
375 1872 552 1955 Byzantinis
565 1872 743 1953 praesertim
759 1868 971 1949 scriptoribus,
991 1871 1106 1953 aliquot
1123 1874 1220 1943 etism
1239 1896 1284 1939 ex

175 1996 286 2055 nostris
306 1990 522 2051 recentioribus
542 1990 717 2049 adornatam
733 1990 800 2049 rice
814 1990 1020 2049 commentarii
1032 1990 1065 2047 in
1077 1990 1213 2051 Paulum
1225 1994 1283 2057 Si-

175 2112 350 2173 lentiarium
365 2106 465 2166 eidem
477 2108 613 2185 scriptori
626 2107 841 2167 subnecterem.
882 2104 965 2189 qnod
975 2126 1048 2167 sane
1059 2108 1201 2171 Lutetiae
1213 2114 1281 2175 Ρι-

173 2234 331 2305 risiorum‚
354 2246 374 2285 a
387 2227 472 2285 libris
482 2224 547 2285 l'erc
559 2225 740 2306 imparatus,
760 2225 856 2286 serius
869 2244 961 2307 qnam
972 2246 1028 2309 pro
1038 2234 1122 2287 nnn
1133 2228 1181 2289 rei
1193 2234 1281 2293 male

171 2369 229 2433 par
242 2358 323 2426 erat,
342 2366 411 2407 sum
428 2364 601 2427 aggressus,
624 2364 708 2421 cum,
729 2354 764 2404 ut
775 2347 839 2405 iam
851 2346 952 2427 attigi,
972 2366 1052 2427 pene
1065 2346 1205 2409 confecta
1216 2370 1280 2413 vo·

172 2468 298 2529 luminis
313 2464 445 2527 editione
458 2466 581 2547 elegans
593 2463 674 2525 istud
688 2472 797 2546 potima
810 2462 850 2523 ad
860 2484 910 2523 me
922 2468 1117 2545 pervenisset.
1143 2468 1279 2547 proinde

171 2586 256 2649 lraud
273 2606 363 2669 aegro
384 2582 463 2645 mibi
480 2584 698 2645 condonaturos
714 2588 795 2645 viros
808 2582 911 2645 doctos
922 2582 1055 2663 conlido,
1075 2587 1278 2649 sicommen-

171 2708 338 2767 tatimrcula
359 2708 417 2767 ista
440 2722 510 2763 mea
527 2724 589 2764 non
606 2704 646 2763 ad
660 2724 793 2784 unguem
813 2704 948 2785 expolita
965 2704 1117 2788 rideatur,
1149 2726 1223 2768 cum
1240 2713 1275 2769 in

172 2846 314 2909 praesens
335 2822 413 2884 mihi
434 2822 469 2883 id
488 2826 680 2907 potissimam
699 2825 815 2883 consilii
835 2824 943 2903 fuerit,
968 2834 1002 2883 nt
1020 2836 1161 2885 notamm
1174 2830 1276 2889 instar

172 2957 251 3006 esset
279 2944 320 3005 ad
347 2946 524 3027 scriptorem
547 2940 630 3003 baud
656 2946 780 3004 omnino
808 2946 975 3005 communis
999 2964 1036 3003 ac
1057 2948 1120 3004 triti
1142 2952 1273 3026 saporis.

171 3084 345 3147 quenquam
363 3064 480 3125 mihine
500 3062 580 3123 banc
600 3066 784 3143 provinciam
802 3082 971 3142 arrogarem
986 3062 1185 3123 dubitandum
1200 3069 1271 3146 fuit,

170 3204 240 3244 cum
262 3186 348 3245 istius
368 3182 543 3266 publicandi
562 3185 711 3263 podmatis
729 3202 816 3262 spem
834 3184 955 3242 fecisset
974 3185 1006 3241 in
1025 3184 1212 3264 praefatione
1230 3186 1270 3245 ad

167 3306 347 3383 Procopium
379 3306 426 3363 vir
453 3307 577 3365 omnino
606 3322 734 3381 magnus
752 3301 895 3362 Claudius
914 3304 1086 3377 Multretus,
1109 3304 1178 3363 Soc.
1197 3307 1270 3366 lesu

167 3424 324 3503 presbyter
338 3434 368 3481 et
381 3424 501 3502 collegii
517 3424 704 3483 blontalbani
720 3432 830 3498 rector,
852 3424 906 3503 qui
918 3440 978 3502 qua
990 3423 1084 3502 pollet
1097 3424 1130 3479 in
1143 3423 1268 3487 Graecis

165 3540 290 3621 perinde
305 3562 339 3601 ac
354 3544 469 3601 Latinis
486 3544 580 3603 literIs
595 3540 778 3618 eruditione,
799 3543 889 3619 louge
904 3541 1021 3599 felicius
1036 3542 1194 3601 caluisset
1210 3542 1267 3603 de·

162 3660 302 3735 functus3
325 3665 398 3737 etsi,
420 3664 465 3721 uti
484 3682 534 3721 rna
556 3682 610 3742 per
634 3662 736 3720 literas
758 3663 893 3736 monuit,
915 3658 997 3739 quod
1016 3678 1109 3739 penes
1129 3680 1201 3721 eum
1220 3674 1266 3724 est

162 3780 252 3839 Pauli
275 3780 439 3839 silentiarii
461 3778 685 3861 apographum,
707 3778 889 3860 descriptum
908 3776 1032 3857 perinde
1045 3780 1085 3838 sit
1098 3798 1265 3842 exmanu-

159 3900 270 3977 scripto
291 3900 443 3977 Palatino,
474 3900 677 3985 proindeque,
699 3910 733 3960 ut
754 3900 992 3976 Summarum,
1013 3898 1130 3959 lacunis
1150 3912 1265 3971 scateat

160 4014 419 4101 delonnatutnque
435 4022 483 4081 sit.

614 4180 840 4207 ...s-q--w
960 4206 964 4215 Ι
