2738 4762
187 265 237 338 78
617 265 678 332 DU
707 262 848 332 cettan

187 444 255 491 tuor
266 429 428 510 porticibus
443 428 548 505 cincta,
562 431 642 488 atrio
656 427 804 489 dicuntur.
846 428 945 489 (ileu.
956 428 1008 487 Gr.
1019 430 1086 489 bat.
1096 432 1280 513 τετροσιὸοι

186 520 308 576 abirem.
355 518 461 573 Graeci
476 535 546 575 vero
560 509 737 595 τετρόστυλα
750 535 785 574 ea
798 526 920 589 vocant,
942 515 1185 594 quadriporticus
1199 521 1280 577 Ana·

186 605 296 662 stasim
319 599 456 659 biblioth.
478 603 511 658 in
529 601 563 660 S.
583 598 764 679 Symmacho
785 603 853 658 PP:
876 611 905 657 et
927 600 1108 659 cantharum
1129 602 1171 660 B.
1198 604 1283 663 Petri

185 709 255 747 cum
280 686 505 766 quadriporticu
534 685 731 743 neormore'bua
756 686 884 742 amau.
929 683 1012 742 idem
1037 688 1070 743 in
1094 687 1202 747 Dono:
1232 688 1281 747 laic

184 777 298 832 atrium
319 771 360 828 B.
387 772 471 829 Petri
489 770 617 848 apostoli
633 774 782 847 superius,
804 769 887 850 quod
905 781 948 828 eu
967 781 1038 827 aute
1058 771 1228 843 occimiano,
1249 775 1281 831 in

185 858 442 940 quadriporticum
459 858 581 934 magnis
595 854 792 915 muratoribus
804 857 919 913 abavia
966 859 1092 914 occurrit
1106 856 1189 936 apud
1206 878 1280 917 enn-

184 944 256 1002 dem
276 946 308 1000 in
330 944 431 999 Leone
451 960 488 998 111
512 960 544 1018 p·
567 942 626 1004 121
663 942 723 1005 189
760 939 818 1002 142
852 951 882 999 et
904 943 935 998 in
957 943 1112 1000 itinerario
1133 945 1279 1003 lliernsol.

183 1028 293 1089 harum
313 1046 383 1085 vero
406 1028 574 1104 porticuum
599 1026 828 1083 intercolumnia
848 1035 881 1083 ut
900 1025 1065 1103 plurimum
1085 1028 1228 1088 cancellis
1245 1048 1280 1086 ac

184 1116 295 1195 pluteis
312 1114 427 1170 munita
445 1121 543 1186 erant,
566 1112 674 1192 quibus
687 1110 858 1169 incumbere
872 1109 983 1169 licebat
996 1120 1027 1170 et
1040 1113 1072 1170 in
1085 1114 1197 1173 atrium
1208 1132 1279 1194 pro·

185 1202 311 1279 spicere.
352 1197 514 1255 Paulinus:

350 1282 404 1339 sed
419 1281 612 1338 circumiectu
628 1280 662 1337 in
672 1278 838 1359 porticibus
852 1282 980 1359 aputanti

350 1368 438 1445 copia
455 1366 545 1444 larga
561 1364 673 1435 stebest,
694 1368 928 1444 interpositisque
941 1364 1097 1427 columnae

351 1450 492 1511 cancellos
498 1451 599 1530 sessos
611 1449 793 1522 incumbere,
815 1462 842 1508 et
855 1451 926 1509 inde
931 1452 1065 1528 fluentas

351 1537 526 1615 adspectura
538 1538 630 1606 iocos,
644 1535 831 1615 pedibusque
848 1536 1000 1594 madentia
1015 1538 1103 1595 siccis

347 1642 466 1681 ceram
478 1641 534 1679 nec
547 1620 666 1679 salem
678 1620 756 1691 sola,
778 1631 807 1679 et
821 1623 981 1679 cartamme
996 1619 1109 1681 blando
1168 1678 1174 1686 ,

351 1709 458 1765 mirari
464 1705 588 1785 placido
600 1705 739 1764 salientes
751 1727 903 1764 murmure
908 1706 1023 1785 sontes.

187 1792 316 1854 Romani
335 1813 405 1853 vero
429 1789 576 1852 eiusmodi
595 1793 670 1849 atria
684 1792 845 1870 paradisos
867 1792 1028 1866 vocabant,
1057 1799 1093 1851 nt
1113 1797 1218 1850 unctor
1236 1799 1278 1851 ast

186 1881 249 1938 Iseo
263 1881 326 1939 ost.
341 1878 363 1942 8
384 1878 425 1943 27
436 1896 446 1936 t
459 1879 542 1958 feeit
554 1879 706 1935 alatrium
716 1888 787 1935 ante
799 1876 965 1948 eecleamm,
986 1876 1069 1956 quod
1077 1895 1132 1935 noe
1139 1874 1279 1935 Κοπιαιια

186 1964 399 2025 wnaoeudtne
416 1963 597 2042 paradisum
619 1984 770 2021 vocamus.
815 1964 990 2022 Anastasius
1008 1964 1042 2020 in
1058 1960 1200 2021 &Paulo
1214 1963 1278 2019 1²1²:

177 2049 260 2130 feeit
275 2059 377 2106 autem
392 2050 425 2104 in
439 2050 516 2105 atrio
527 2058 599 2104 ante
615 2058 725 2104 tratrem
743 2048 778 2106 S.
796 2043 919 2105 Mnus
930 2046 1112 2125 adgrodrae,
1133 2044 1219 2125 quod
1228 2065 1280 2103 νο·

78 2140 100 2190 Ρ
117 2137 169 2195 5³8
186 2144 274 2192 catur
284 2132 462 2209 paradcms,
484 2131 650 2189 oraculum.
696 2133 807 2191 Paulus
824 2131 1034 2191 Warnefridus
1049 2129 1087 2190 de
1103 2131 1187 2189 Gest.
1200 2132 1281 2189 Lan·

184 2217 287 2299 gob-5
309 2215 366 2280 31:
388 2218 497 2275 Donua
512 2237 600 2294 papa
618 2217 777 2276 Romam
797 2216 935 2275 mlestus
952 2217 1063 2288 houm,
1085 2218 1139 2297 qui
1150 2216 1281 2295 paradi—

185 2324 238 2361 sus
255 2302 378 2373 dicitrer,
399 2314 468 2360 unte
487 2301 645 2360 basilecam
662 2302 704 2360 B.
724 2304 810 2361 Petri
824 2301 954 2379 apostoli
969 2301 1107 2361 candidis
1120 2312 1149 2359 et
1160 2303 1281 2381 magnis

186 2386 384 2447 amrmoribus
406 2391 521 2445 stravit.
566 2390 608 2445 ita
621 2390 733 2466 passim
746 2407 851 2446 vocem
864 2385 941 2446 banc
954 2398 1099 2467 usurpant
1113 2389 1279 2466 scriptores,

185 2493 204 2531 a
220 2476 333 2532 Graeco
345 2466 525 2551 παράδεισος
541 2469 744 2551 desumptam,
767 2491 844 2551 quae
857 2472 1007 2553 Hesychia
1022 2472 1130 2531 dicitur
1142 2470 1237 2545 τόπος
1249 2471 1281 2533 ἐν

187 2550 405 2642 ᾦπιρίποτοι,
425 2555 459 2614 id
481 2567 526 2614 est
545 2558 629 2615 locus
650 2557 831 2634 porticibus,
853 2561 885 2615 in
903 2560 1011 2638 quibus
1025 2558 1280 2616 deambulationes

185 2645 278 2718 fiunt,
304 2654 422 2722 septus,
444 2643 493 2698 vel
515 2653 592 2699 certe
614 2644 711 2721 quivis
730 2643 806 2699 alius
821 2641 1054 2702 deambulationi
1070 2655 1167 2723 aptus.
1210 2662 1280 2721 por-

187 2731 265 2788 ticus
276 2748 348 2786 vero
361 2746 437 2807 quae
453 2736 521 2784 ante
535 2729 645 2805 palatia
657 2729 720 2785 sive
732 2729 879 2785 nobilium
894 2727 983 2788 aedes
998 2739 1090 2800 erant,
1108 2724 1282 2808 προδόμοις

186 2815 318 2893 appellnt
338 2815 474 2871 Lexicon
495 2814 545 2869 Gr.
568 2832 614 2871 ms
636 2832 676 2870 ex
697 2811 878 2872 bibliotheca
893 2817 1002 2893 Regia:
1024 2809 1176 2895 πρόδομος
1189 2811 1211 2893 ἦ
1225 2811 1281 2893 πρό

183 2902 240 2979 τῆς
253 2900 350 2973 οἰκίας
366 2892 457 2971 στοά,
479 2893 520 2974 ἣν
535 2895 729 2978 κοὶὍμηρος
745 2899 896 2961 αἴθουοαν
911 2905 1002 2961 καλεῖ.

270 2990 322 3048 21.
365 2982 451 3041 Idem
475 2985 584 3041 atrium
607 2987 744 3062 aequiore
767 2986 890 3042 Graecia
912 2978 1165 3066 γαροονοστᾶσιον
1191 2984 1279 3040 etiam

187 3066 299 3127 dictum
320 3071 412 3128 fuisse
436 3078 538 3127 auctor
559 3079 603 3127 est
623 3067 826 3146 Theophanes
844 3091 873 3147 p.
888 3071 948 3133 208
968 3081 998 3127 et
1018 3089 1110 3127 exeo
1128 3066 1279 3126 cedrenus

186 3174 217 3233 P·
231 3159 308 3218 887:
331 3156 381 3215 καὶ
402 3149 520 3231 ἐκαύθη
534 3151 567 3216 τό
583 3150 744 3233 μεσαόλιον
760 3158 814 3229 τῆς
833 3151 960 3234 μεγάλης
976 3154 1130 3231 ἐκκλησίας
1147 3149 1181 3214 τό
1196 3147 1281 3230 λεγό-

188 3261 279 3318 μενον
301 3233 563 3319 γορσονοστόσιον.
606 3236 683 3297 hauc
703 3250 802 3296 autem
821 3244 1031 3317 gamonostnsii
1049 3239 1278 3317 appellationem

186 3321 321 3381 hausisse
344 3322 484 3380 videntur
507 3325 612 3381 Graeci
638 3344 653 3381 a
676 3345 747 3382 voce
765 3325 1012 3396 Latinobarbara‚
1031 3326 1150 3403 garcio,
1173 3325 1279 3380 nostris

182 3429 311 3486 gereon:
334 3428 388 3465 nos
407 3409 571 3467 diceremus
585 3410 616 3465 la
626 3410 716 3487 place
731 3410 782 3466 cles
794 3431 938 3487 garenna,
960 3414 1030 3489 qum
1044 3414 1074 3467 in
1089 3430 1124 3467 eo
1139 3411 1214 3467 atrio
1227 3428 1279 3465 seu

185 3495 332 3572 impluvio
346 3495 454 3550 morari
468 3495 602 3552 solebant
614 3498 662 3552 vel
676 3507 849 3572 iunguntum
863 3496 968 3552 famuli
980 3516 1032 3553 seu
1045 3493 1217 3574 pedissequi
1231 3495 1280 3550 tel

184 3600 202 3636 e
218 3579 372 3656 plebecula
388 3580 486 3655 pueri,
510 3578 582 3636 dum
597 3581 637 3636 ibi
651 3582 700 3637 vel
713 3583 758 3636 illi
773 3580 909 3637 dominos
924 3601 1092 3655 egressuros
1105 3589 1280 3657 exspectant

184 3666 234 3720 vel
259 3662 289 3720 hi
315 3662 386 3723 ludo
409 3667 504 3740 inagis
524 3684 613 3743 quam
631 3669 720 3722 satoris
739 3669 845 3723 intenti
863 3676 1092 3723 commorantur.
1137 3666 1190 3743 qui
1211 3684 1280 3721 vero

184 3747 266 3826 apud
282 3768 337 3807 nos
350 3751 507 3828 garriones
524 3752 641 3827 proprie
659 3749 810 3823 dicantur,
834 3748 940 3808 docent
955 3752 1141 3827 grammatici
1155 3751 1281 3808 inferio·

183 3837 224 3890 ris
247 3837 322 3890 aevi.
367 3835 541 3891 Vl'illehnus
561 3837 642 3891 Brito
662 3837 693 3891 in
713 3837 906 3893 b'ooabtdario
927 3856 988 3893 ms:
1012 3838 1106 3906 Lixo,
1128 3856 1281 3891 mercena-

184 3922 260 3987 rius,
284 3923 403 3996 garcio,
434 3923 487 3998 qui
504 3923 639 3998 sequitur·
658 3923 787 3989 curcum,
816 3933 842 3976 et
863 3933 964 3998 portat
983 3942 1097 3998 uquam
1121 3922 1153 3976 iu·
1175 3922 1281 3977 ansuis·

184 4008 334 4060 exereitus.
381 4009 504 4084 Papias:
533 4005 657 4073 Gar‘cio,
680 4008 733 4082 qur?
755 4009 835 4061 cirea
860 4007 978 4063 culinas
995 4004 1139 4083 perpendo
1156 4007 1276 4063 iueecu'l.

185 4087 241 4146 hac
255 4093 375 4148 tratione
390 4111 494 4148 vocem
509 4088 586 4145 hanc
601 4100 722 4166 usurpat
737 4092 769 4148 S.
783 4091 952 4150 Bernardus
969 4090 1006 4148 da
1021 4095 1087 4150 Vita
1102 4101 1131 4147 et
1146 4092 1279 4149 rantibus

184 4175 281 4253 Relig.
299 4195 324 4231 c.
339 4182 393 4238 10:
416 4196 498 4232 ηιιηο
508 4194 576 4251 ergo
595 4185 695 4230 tutatae
707 4175 894 4232 ›urrltr'tudc'nr'
906 4179 1098 4255 gjarcionum
1112 4197 1150 4232 ac
1163 4178 1280 4233 ize-men-

185 4268 281 4317 torum
296 4281 349 4319 cur
364 4260 517 4319 mancum
528 4278 585 4319 aaa
591 4259 725 4337 ferimus
735 4263 910 4320 ποοοκοαηά.
956 4265 1037 4322 varie
1053 4272 1156 4319 autem
1171 4264 1281 4339 scripta
