2738 4762
20 3748 110 3806 Pbbi

126 276 177 355 04
559 274 619 343 υἱ]
644 268 786 341 canen

126 456 293 508 ceterarum
309 458 387 522 quoe
402 458 490 499 muro
505 439 661 514 orientali,
682 438 735 583 gai
754 435 839 497 aedis
861 444 1031 517 postremm
1052 448 1117 516 est,
1140 438 1210 499 adis-

128 542 213 607 cent,
235 530 352 587 clausos
366 525 501 585 cardines
513 528 630 605 aperire
645 543 681 584 ae
703 526 818 597 ituum3
840 525 911 603 quia
926 523 1062 585 fortassis
1074 545 1130 585 eae
1143 536 1211 587 arud

127 626 252 699 portae,
283 632 360 693 quae
386 609 574 671 aedituorum
602 630 691 669 caree
714 608 928 668 incumbebant
947 628 1003 667 sen
1025 614 1211 673 ostiariorum·

126 720 199 763 nem
218 711 252 759 ut
267 709 311 758 est
326 693 408 777 epud
424 695 574 756 Isidorum
585 700 739 757 iuniorem
749 698 782 754 in
797 696 884 775 epist.
900 691 939 751 ad
954 694 1165 774 Luiticedum,
1182 696 1214 755 d

126 788 284 847 ostiarium
297 784 449 861 pertinent
470 782 571 841 claves
593 780 747 852 ecolesma,
767 790 803 839 ut
820 779 947 837 claudet
966 790 996 837 et
1011 786 1135 859 aperiat
1153 794 1215 843 ten-

119 872 211 953 plum
228 870 289 941 dei,
311 879 340 925 et
357 868 461 925 omm‘a
481 886 562 948 quae
582 878 655 927 ment
671 870 753 925 notus
773 876 914 945 extmqsoe
932 866 1105 941 mumdum,
1116 868 1216 943 fidet·

125 958 264 1035 recipiat,
284 952 419 1029 infideles
434 962 463 1009 et
478 954 745 1011 excommunicans
757 952 882 1009 νοίοοοολ.
927 948 1009 1011 unde
1021 956 1163 1035 audonei
1177 954 1217 1015 di-

126 1053 235 1103 cuntur
249 1043 280 1097 in
295 1039 422 1118 epistota
437 1056 514 1118 quae
527 1038 559 1097 S.
573 1040 690 1118 Ignatio
704 1036 852 1109 tribuitur,
867 1044 897 1095 et
907 1036 968 1094 aiio
980 1036 1158 1099 S-Cornelii
1164 1042 1216 1115 nt.

126 1120 423 1272 tittitiftiff
434 1120 917 1289 iiiiipitidddii.
938 1126 1218 1287 nitidat:

127 1300 188 1359 nisi
210 1315 265 1376 per
287 1312 393 1353 vocem
415 1288 557 1375 νεοκόρος
576 1295 763 1375 intelligatur
780 1290 994 1366 subdiaconus,
1015 1296 1067 1353 cui
1083 1296 1217 1357 catechu-

126 1401 232 1443 menos
255 1391 285 1438 et
305 1380 491 1460 paenitentes
511 1381 543 1437 in
562 1380 721 1438 ecclesium
740 1375 928 1437 introducere
944 1386 974 1435 et
987 1398 1029 1437 ex
1045 1398 1083 1439 ea
1099 1380 1218 1443 educere

126 1466 335 1539 incumbebat,
359 1483 400 1522 ex
415 1463 523 1522 eodem
539 1467 665 1525 concilio
679 1462 866 1537 Laodiceae,
888 1472 922 1521 ut
936 1481 1068 1525 canones
1085 1472 1127 1531 22
1138 1480 1168 1529 et
1181 1470 1217 1531 28

126 1552 752 1713 iiiiitiiiiittiiiita
764 1545 1218 1713 tistitit'tiffii'iti.

127 1720 243 1785 rarobia
258 1742 286 1781 c.
299 1720 331 1786 6.
372 1722 414 1778 ita
428 1722 521 1799 igitur
535 1722 724 1781 silentiarius
737 1729 814 1800 part.
827 1722 848 1782 2
863 1738 892 1777 v.
907 1718 965 1783 26:

702 1810 765 1867 erio
777 1826 811 1887 γε
824 1800 879 1883 μὲν
890 1801 991 1867 ἄλλον

290 1883 440 1969 nomicos
451 1884 608 1978 παλάμῃσι
618 1883 771 1971 μεμυκότα
783 1884 896 1971 dosoris
907 1882 1022 1972 civoiyes

291 1973 430 2053 ἑσπέριον
444 1975 513 2055 περὶ
526 1983 642 2055 τοῖχον,
664 1968 838 2047 ὃςῧοτατός
855 1974 916 2036 ἔστι
928 1968 1094 2054 μελᾶθμοα.

128 2078 218 2141 porro
231 2058 367 2137 pluribus
377 2063 470 2137 portis
481 2063 612 2140 patuisse
622 2059 745 2119 aedium
754 2078 903 2121 sacrarum
914 2058 1014 2119 editus
1024 2063 1125 2125 timuit
1136 2066 1220 2123 etiam

127 2146 273 2205 Paulinus
291 2146 359 2201 Not.
375 2145 414 2205 9:

537 2228 713 2308 gaudetque
719 2230 784 2306 piis
794 2250 852 2289 suc
867 2234 983 2289 mocon
996 2233 1081 2291 cinci

293 2310 434 2377 cortibus,
454 2322 546 2392 atque
557 2315 677 2391 amplae
687 2315 813 2392 populis
827 2316 1034 2394 nrmpentibns
1045 2320 1137 2381 aulas

292 2396 393 2455 laxari
407 2399 514 2455 densae
530 2420 686 2456 numeroso
695 2420 753 2477 per
767 2404 843 2458 ostia
858 2401 971 2460 titubas.

127 2476 214 2541 addit
232 2481 351 2560 Gyllius
372 2485 540 2541 maximum
561 2481 705 2563 Sophieni
728 2487 831 2565 templi
849 2484 963 2544 editnm
981 2488 1018 2546 cb
1036 2508 1146 2551 occasu
1161 2510 1224 2551 esse

127 2567 219 2647 piano
244 2565 338 2644 pede:
370 2587 427 2624 nec
450 2570 546 2641 enim,
573 2580 606 2626 ut
627 2568 797 2630 Pantheum
818 2574 1005 2650 Romanum,
1027 2574 1173 2655 gradibus
1193 2586 1224 2635 ut

127 2653 202 2710 olim
214 2648 336 2710 ascendi
351 2662 402 2710 aut
419 2661 453 2711 ut
469 2670 549 2711 nuuc
565 2651 715 2713 descendi.

211 2780 264 2842 26.
307 2777 354 2836 Ab
383 2780 498 2838 oriente
522 2784 610 2839 unica
633 2784 765 2860 aperitur
784 2792 888 2861 porta,
918 2804 994 2864 que,
1022 2786 1123 2866 inquit
1145 2784 1226 2845 idem

127 2862 263 2943 Gyllius,
284 2866 418 2944 quinque
438 2864 580 2944 gradibus
599 2866 759 2926 descensus
778 2877 860 2945 patet
873 2871 904 2926 iu
921 2869 1038 2930 aedem.
1081 2873 1224 2933 Silentia-

128 2951 190 3009 rius
205 2959 281 3029 pert.
296 2954 317 3013 2
332 2969 362 3007 v.
380 2955 458 3015 161:

291 3026 358 3096 α’λλ’
372 3032 422 3099 tri
437 3032 492 3115 μὲν
509 3033 672 3100 Φαέθοντα
684 3032 765 3114 πύλη
778 3035 842 3114 μία.

126 3122 182 3199 τῆς
203 3111 280 3204 ἑῴας
301 3123 388 3179 istius
408 3116 506 3201 πύλης
526 3124 664 3181 meminit
684 3132 786 3179 utrctor
807 3124 954 3182 Historiae
973 3122 1011 3184 de
1027 3126 1174 3185 miraculo
1195 3127 1226 3185 in

127 3223 212 3262 sacro
228 3204 370 3263 ecclesiae
386 3218 477 3284 puteo
495 3204 585 3266 edito.
628 3203 775 3286 perhanc
790 3205 919 3287 denique
936 3211 1098 3271 Snltunum
1115 3212 1227 3269 Turci·

126 3306 195 3345 cunt
209 3290 355 3366 templum
371 3291 487 3368 ingredi
503 3294 603 3365 aiunt,
626 3314 666 3350 ex
682 3311 741 3371 qua
756 3294 787 3349 in
801 3296 972 3371 proximam
988 3298 1091 3355 aulam
1103 3296 1227 3367 recedit,

126 3368 166 3428 ad
185 3372 263 3430 latus
285 3374 410 3433 bematis
431 3376 626 3437 meridionaic
643 3388 829 3454 exstantem,
852 3379 902 3436 nbi
920 3384 1070 3457 coitsistit,
1092 3402 1162 3441 cusu
1176 3402 1228 3440 sa-

127 3458 185 3513 cris
201 3457 333 3534 profanis
346 3461 478 3522 interest.

210 3585 262 3645 27.
305 3584 443 3666 Denique
458 3587 497 3645 ad
511 3589 744 3667 septentrionem
758 3584 909 3669 duplicem
923 3601 1041 3670 portam
1055 3597 1160 3653 statuit
1176 3596 1230 3654 Si-

126 3666 281 3728 ientiarius
299 3681 375 3749 part.
390 3678 411 3736 2
426 3692 456 3730 v.
473 3672 546 3735 154:

702 3751 778 3839 ποὺς
793 3753 849 3838 μὲν
867 3752 966 3839 iiras

288 3830 428 3923 dosrciov
443 3839 588 3920 ξυνοχῆας
603 3833 797 3906 inextinctam
813 3846 972 3927 θνρότροον

289 3921 440 4003 δοζυγὲων.

127 4014 157 4063 et
174 4005 251 4064 inire
267 4026 298 4066 v.
317 4012 395 4073 161:

700 4093 778 4179 πρὸς
791 4095 825 4160 di
837 4102 978 4180 κελαινῆς

287 4173 398 4252 vverde
410 4177 477 4253 idos
489 4176 597 4260 διοοήν
611 4179 660 4244 tut
673 4182 791 4244 dsuiido
805 4181 878 4259 λαός
892 4180 1004 4248 ddssies.

124 4270 155 4320 st
173 4282 244 4323 cero
267 4262 306 4323 ad
324 4262 481 4324 meridiem
500 4267 600 4327 nullas
613 4276 713 4347 portas
726 4268 818 4326 fuisse
832 4270 985 4347 observat,
1007 4267 1061 4328 sed
1075 4291 1092 4328 e
1104 4272 1233 4351 regions
