2738 4762
199 256 249 333 74
632 256 694 325 DU
718 252 859 325 canon

198 426 312 528 templo
332 422 388 487 SS.
408 422 507 529 Sergii
527 422 702 484 etBacchi:
724 422 786 487 lon
806 420 840 486 ii
860 414 965 499 αιλιοῖς
983 420 1039 529 plp
1058 418 1115 506 ρλν
1130 422 1294 505 eliacim

197 506 367 594 προθιλροιν
386 505 475 581 orosi,
505 508 556 572 tet
580 513 636 573 τοῦ
659 504 829 589 Νᾶρθηκος
854 512 898 571 roi
918 504 1086 591 περιμήκης
1111 504 1241 575 ιλναι’
1215 535 1294 617 qvo-

198 594 343 678 μασμλνη.
386 605 416 654 et
432 595 452 658 b
474 597 495 657 6
516 594 554 653 de
567 596 679 675 templo
694 595 833 699 deiparae
847 572 1138 673 Hierosolymitauo.
1160 591 1237 660 orosi
1250 621 1295 675 τις

198 682 355 786 ἐκδέχεται
365 679 510 743 tasonis
529 679 628 758 ἕτλρα,
649 679 699 743 tet
713 684 770 743 τοῦ
786 673 942 759 νάρθηκος
961 674 1175 760 ὥναμαομὲνη,
1197 676 1293 761 οἶμαι,

194 770 238 851 τῷ
255 763 298 846 μὴ
320 759 520 866 ιιλριλνισθαι,
542 765 594 822 ubi
612 768 774 844 Procopius
794 764 931 823 vocabuli
949 783 1004 823 sen
1018 766 1231 845 appellationis
1243 788 1293 827 ra·

196 830 312 911 tionem
324 853 465 921 insinuat,
483 852 585 930 sicque
599 848 692 909 dictas
703 849 873 909 istiusmodi
885 852 1015 929 porticus
1030 860 1098 909 ante
1109 852 1293 932 templorum

197 936 362 1010 vestibula,
384 934 488 1017 quod
479 955 510 993 ιιι
525 937 670 994 maiorem
685 934 903 1037 longitudinem
916 954 1007 1015 quam
1019 935 1210 995 latitudinem
1221 956 1293 1017 por·

198 1026 380 1101 rigarentur,
410 1030 499 1101 etque
523 1022 565 1078 ita
590 1021 704 1079 ferulae
731 1024 862 1100 speciem
889 1018 1113 1100 quodammodo
1137 1022 1290 1097 referrent,

197 1126 275 1188 quae
296 1106 452 1184 oblongior
472 1113 517 1163 est
536 1124 627 1186 quam
646 1106 748 1179 latior,
771 1117 804 1165 ut
824 1106 920 1165 obiter
943 1107 1119 1184 attigimus'
1110 1125 1143 1165 ιιι
1158 1109 1239 1167 ιιοιίν
1253 1067 1292 1165 ad

196 1189 392 1252 Alexiadem:
423 1192 534 1271 quippe
555 1195 619 1251 πᾶν
641 1184 800 1273 δρομικόν,
828 1191 926 1271 inquit
947 1192 1146 1269 Zygomalas,
1169 1184 1292 1273 νᾶρθηξ

195 1277 319 1359 λέγεται.
361 1275 442 1335 uada
457 1294 518 1334 ιιοιι
532 1278 654 1334 omnino
669 1273 867 1334 hallucinatos
879 1276 949 1335 illos
961 1274 1083 1334 evidens
1097 1287 1143 1335 est
1156 1280 1210 1359 qui
1220 1296 1291 1337 nar-

197 1360 317 1422 theoem
332 1362 474 1420 ecclesiae
490 1364 636 1439 porticum
649 1360 743 1420 fuisse
757 1362 917 1440 scripsere,
941 1371 974 1419 ut
987 1360 1051 1419 vult
1063 1361 1194 1421 Allatius
1210 1362 1290 1421 (ioe-

197 1468 265 1507 rnm
279 1451 425 1521 innuens,
449 1444 694 1526 quandoquidem
711 1445 744 1504 id
760 1445 879 1505 disertis
894 1446 991 1504 verbis
1007 1443 1130 1505 tradunt
1147 1446 1291 1507 Silentia-

198 1534 261 1593 rius
273 1542 303 1591 et
314 1532 493 1610 Procopius,
516 1531 636 1635 quibus
640 1531 719 1589 iavet
733 1532 888 1589 Codinus
879 1531 1069 1635 1u0riginib.
1083 1530 1291 1592 Lambecianis

198 1615 304 1722 11·245
326 1615 378 1678 καλ
397 1620 453 1678 τοῦ
474 1616 571 1678 innoc
595 1608 691 1693 αιλτῆς
709 1615 803 1678 ἐκεῖσε
820 1609 1293 1697 ὄλισθήσανιοςλμκροαθιντοῦ

198 1697 356 1784 νιλρθηκος
379 1705 435 1763 τοῦ
460 1704 554 1775 ναοῦ,
583 1711 613 1759 et
631 1699 851 1761 Theorianus'
842 1721 874 1759 ιιι
894 1701 1058 1779 legatione,
1079 1698 1239 1781 νᾶρθηω,
1260 1705 1292 1761 ia

199 1807 260 1869 quo
275 1788 460 1867 paenitentes
472 1787 590 1845 stabant
598 1784 684 1861 ,ἔξω
701 1789 755 1865 τῆς
769 1785 925 1864 ἐκκλησίας
938 1796 1086 1862 statuens,
1107 1788 1161 1845 ubi
1174 1784 1292 1847 divinas

197 1876 374 1953 scripturas,
403 1874 501 1951 iuquit
520 1872 589 1945 ille,
618 1870 795 1945 audiebant,
823 1890 900 1953 quae
925 1872 1069 1975 qcilicet'
1059 1891 1092 1930 ιιι
1113 1868 1189 1931 aede
1209 1892 1292 1932 sacre

196 1969 249 2017 aut
264 1957 463 2016 recitabantur
480 1967 531 2014 ant
548 1955 795 2029 decantabantur,
818 1948 939 2015 unde’
919 1952 1107 2036 ακροιὸμενοι
1125 1960 1239 2036 passim
1259 1962 1293 2017 in

195 2040 337 2101 nartheca
359 2051 445 2098 extra
465 2041 621 2099 ecclesiam
648 2041 786 2100 dicuutur
811 2042 992 2116 constitisse,
1015 2040 1095 2120 apud
1113 2044 1292 2123 Gregorium

194 2126 359 2187 Thoumat.
379 2143 444 2182 can.
463 2130 501 2198 2,
523 2124 1116 2190 Zonaramadcan.1oonoiliiNicaeai
1136 2146 1163 2203 1,
1184 2130 1292 2197 Balsa·

194 2231 318 2271 monem
334 2206 373 2267 ad
389 2227 455 2265 con.
473 2208 513 2271 14
532 2208 666 2270 eiusdem
687 2213 825 2270 concilii:
847 2210 880 2274 ἒν
900 2213 1066 2293 βασιλικοῖς
1083 2216 1216 2287 πυλῶσι,
1238 2234 1291 2274 seu

194 2298 286 2375 regiis
303 2315 337 2353 ao
351 2296 520 2373 praecipuis
535 2298 695 2375 porticibus
713 2298 761 2354 vel
773 2297 902 2370 foribus,
926 2294 1006 2376 apud
1018 2298 1161 2355 Alexium
1174 2300 1291 2357 Ariste-

193 2402 285 2457 uum,
307 2377 561 2460 quemadmodum
583 2393 793 2461 nuncupantur
813 2382 849 2439 ab
871 2385 1029 2441 Arrastasio
1044 2402 1105 2441 nou
1121 2384 1234 2458 semel,
1257 2394 1291 2443 ot

194 2468 272 2524 infra
295 2464 472 2523 iudicamus.
515 2485 613 2545 neque
635 2468 726 2522 aliam
741 2466 816 2523 forte
832 2466 869 2524 ob
888 2470 1033 2525 rationem
1051 2466 1127 2525 dixit
1146 2468 1292 2527 Silentia-

194 2555 256 2609 rius
273 2573 301 2610 ι.
319 2555 361 2629 13Ι
373 2553 404 2607 in
418 2547 559 2607 nartheca
581 2570 669 2608 voces
690 2569 810 2609 sonoras
828 2551 951 2611 Doridis
975 2554 1107 2630 psalmos
1128 2557 1291 2612 concinen-

194 2639 272 2693 tium
293 2635 416 2693 alternis
437 2635 571 2694 cantibus
592 2633 780 2695 sacerdotnm
803 2636 854 2717 (in
870 2657 929 2696 uso
950 2638 1082 2716 scillcet)
1103 2637 1242 2699 exaudiri
1255 2659 1291 2699 ao

193 2741 280 2781 aures
295 2719 344 2779 dei
358 2719 508 2777 mulcere:

358 2830 472 2901 ἐνθάδε
485 2861 531 2912 τις
543 2833 619 2900 καιιλ
631 2832 726 2900 νύκτα
740 2831 936 2921 διάμκερις
913 2864 987 2921 ηχος
1003 2835 1142 2926 deipnos

358 2918 517 2999 εὐκέλαδος
533 2927 673 3003 Χρισιοῑο
686 2922 878 3008 βιαρκλος”
840 2949 933 2988 οοατα
946 2926 1057 3008 θέλγει.

88 3050 110 3101 Ρ
126 3047 178 3106 535
195 3043 247 3101 ubi
258 3064 312 3122 per
323 3039 398 3107 sord
411 3035 505 3108 νύκτα
515 3042 656 3105 videtur
646 3047 779 3105 umuisso
792 3065 894 3125 preces
908 3048 1108 3125 vespertinas,
1130 3045 1289 3131 dequibus

194 3130 337 3191 Paulinus
353 3135 420 3191 Nat.
433 3135 471 3194 7·

810 3226 882 3273 tuno
897 3235 966 3295 ergo
980 3215 1085 3274 solania

357 3299 485 3359 coetibus
503 3319 523 3356 o
539 3300 648 3376 templo
666 3300 794 3370 domini,
810 3311 973 3379 postquam
988 3302 1163 3380 clotafiasis

357 3383 528 3460 corporibus
540 3388 666 3463 requies
688 3397 808 3464 sumpta
822 3388 913 3464 dape,
934 3390 1082 3464 coepimus
1095 3387 1214 3467 hymnis

358 3468 491 3526 waltare
504 3467 557 3525 deo
571 3481 599 3526 et
605 3470 735 3546 psolmso
741 3472 907 3549 producere
919 3483 1043 3530 noctem.

192 3581 223 3628 at
243 3589 296 3627 cur
312 3572 475 3648 porticum,
498 3588 589 3649 quam
605 3569 685 3630 nude
699 3592 732 3629 ac
745 3574 920 3651 simpliciter
931 3568 1074 3653 νάρθηκα
1087 3585 1173 3632 vocat
1186 3573 1289 3632 Silen-

192 3657 311 3726 tiarius‚
341 3654 389 3717 tet
413 3659 469 3717 τοῦ
490 3652 648 3734 νάρθηκος
670 3659 801 3734 appellet
819 3661 997 3738 Procopius,
1028 3660 1112 3717 nulla
1131 3656 1208 3716 mihi
1228 3660 1289 3717 alia

191 3741 340 3799 suboritur
364 3742 548 3812 coniectura,
572 3758 662 3818 quam
687 3740 768 3819 quod
792 3743 971 3801 familiarem
992 3746 1226 3824 Byzantiuornm
1245 3747 1289 3800 ci-

191 3828 275 3882 vium
298 3823 441 3904 loquendi
464 3843 579 3881 morem
597 3830 790 3901 expresserit,
814 3831 865 3908 qui
887 3828 967 3909 quod
987 3828 1068 3887 uude
1085 3828 1212 3886 northw
1229 3828 1288 3887 dici

194 3909 352 3982 debuerat,
375 3910 418 3966 ad
429 3908 598 3966 narthecem
614 3911 693 3967 vel
680 3932 713 3967 ιιι
726 3912 865 3971 northona
878 3915 1039 3973 efferebant
1049 3909 1291 3993 ,ἀκροωμένους

194 3996 267 4052 lorte
289 3998 446 4052 innuentes
456 3997 537 4073 ,qui
557 3996 588 4051 in
609 4014 643 4052 eo
664 3999 862 4056 consistebant
879 4011 930 4057 ant
946 4003 998 4079 qui
1017 3961 1057 4057 ad
1078 4019 1147 4057 eum
1169 4000 1289 4078 relega-

194 4081 316 4151 bantur,
340 4039 593 4185 quemadmodum
609 4082 900 4157 posterioresGraeci
913 4086 1018 4143 urbem
1026 4087 1215 4164 cpolitanam
1227 4105 1290 4143 non

195 4159 281 4227 lto
293 4164 347 4224 sed
363 4160 436 4227 otoo
451 4158 542 4227 πόλιν
556 4166 764 4243 appellabant,
786 4169 830 4225 uti
843 4170 915 4227 alibi
930 4172 1119 4229 observatum
1134 4180 1188 4273 apt.
1232 4191 1288 4227 ne·

237 4268 251 4307 s
274 4253 355 4311 enim
376 4253 497 4314 omnino
519 4249 629 4310 arridet
650 4271 753 4314 eornm
773 4257 919 4314 sententia
934 4274 987 4337 qm
977 4253 1048 4320 λιιι
1064 4275 1119 4334 pro
1137 4246 1202 4319 oino'
1218 4276 1289 4335 per-
