2738 4762
127 296 163 343 vr
251 272 406 343 cortou
428 274 490 341 DU
511 271 677 341 Fnusntt
700 270 856 339 1³0le
879 272 940 341 ΒΗ
964 272 1101 341 CANGE

127 451 158 502 et
171 442 234 502 suis
245 438 286 501 ad
295 440 459 501 Historiam
474 440 643 522 Augustam
659 438 738 497 nutis
756 436 970 518 publicaverat.
1012 446 1042 497 et
1059 456 1137 497 sane
1159 440 1236 503 licet

127 572 240 643 quanta
261 562 352 620 fuerit
370 560 460 619 Pauli
477 558 641 619 Silentiarii
654 558 687 617 iu
701 576 738 617 eo
752 555 900 617 scribendi
919 576 1028 635 genere
1041 557 1179 621 facultas
1193 582 1236 623 ex

126 682 210 757 aliis,
233 700 310 761 quae
332 681 394 737 iam
413 680 513 737 lucem
532 676 746 759 adspexerant,
766 674 918 757 opructdis
932 676 999 756 plus
1013 678 1086 737 satis
1098 690 1236 759 constet,

129 810 195 861 tum
218 797 296 859 illud
317 799 493 879 praesertim
515 794 596 878 quod
616 796 721 875 Regiis
745 814 827 856 nuno
849 797 931 879 typis
947 814 1097 855 excusum
1113 798 1237 881 prodit,

127 920 321 1001 praecipuam
342 919 453 978 mereri
472 914 594 975 laudem
611 913 732 974 ridetur
750 934 786 974 ac
805 912 1115 995 commendationem,
1145 918 1238 1001 quod

129 1048 250 1119 praeter
265 1040 432 1097 carminum
448 1036 628 1117 elegantiam
644 1045 811 1095 accuratam
823 1036 1034 1115 Angustissimi
1048 1040 1162 1121 templi
1176 1038 1237 1101 de·

130 1158 323 1238 scriptionem
344 1158 458 1239 vixque
480 1155 689 1217 oculatiotibus
708 1152 853 1215 hactenus
872 1156 1055 1215 intellectam
1070 1158 1165 1220 nobis
1183 1182 1236 1223 rs-

131 1286 312 1357 praesantet.
324 1272 361 1359 *)
402 1296 474 1335 nam
486 1276 692 1337 commentarii
705 1294 781 1357 quos
796 1277 862 1335 aeri
874 1274 1024 1335 inferioris
1035 1278 1180 1339 Graeculi
1195 1280 1236 1343 de

132 1394 192 1455 bac
206 1392 281 1455 aede
293 1397 446 1477 scripsere,
467 1396 617 1456 sublestae
631 1392 706 1455 adeo
721 1405 791 1454 sunt
804 1393 885 1473 fidei,
903 1396 1048 1477 nulloque
1060 1416 1123 1456 non
1135 1400 1235 1463 modo

132 1514 242 1597 digesti
253 1514 366 1593 ordine,
386 1512 441 1573 sed
456 1514 547 1573 etiam
561 1514 716 1573 vocabulis
732 1514 865 1573 barbaris
880 1512 1024 1595 adspersi,
1039 1526 1073 1575 ut
1084 1514 1234 1580 divinan-

131 1634 189 1695 dae
201 1638 245 1695 rei
259 1636 358 1716 potius
370 1652 462 1716 quam
470 1632 682 1715 percipiendae
697 1632 797 1691 locum
810 1632 982 1714 praebeant.
1024 1632 1104 1694 unde
1115 1639 1233 1701 mirum

130 1752 225 1815 rideri
248 1774 310 1815 non
333 1752 441 1830 debet,
462 1754 560 1837 siqui
579 1751 617 1812 de
639 1752 822 1811 Graecorum
842 1754 963 1832 templis
986 1764 1075 1835 atque
1092 1754 1174 1817 adeo
1192 1756 1234 1819 da

128 1872 284 1955 Sophiauo
306 1894 471 1957 eonunque
491 1872 627 1955 partibus
651 1874 812 1952 scripsere,
841 1882 958 1931 tantum
983 1872 1060 1931 inter
1079 1892 1115 1933 se
1135 1872 1234 1939 dini.

128 1992 220 2053 deant
236 1992 287 2051 vel
301 2000 381 2051 certe
399 1994 522 2051 omniuo
540 2012 601 2048 non
619 1991 812 2071 conveniant,
834 2012 903 2053 cum
920 2012 981 2051 non
998 2012 1045 2052 res
1059 1992 1162 2055 solum
1175 1994 1234 2057 sed

128 2134 169 2173 ne
182 2114 238 2172 rix
251 2110 344 2171 rerba
357 2106 482 2189 quidem
495 2107 561 2186 ipsa
575 2108 752 2188 percipiant.
793 2108 849 2171 sed
863 2132 931 2170 ecce
944 2112 1035 2171 tantis
1048 2112 1082 2171 iu
1096 2114 1233 2177 tenebris

129 2236 231 2291 lacem
248 2228 374 2310 porrigit
395 2226 511 2287 Paulus
531 2226 736 2305 silentiarius,
759 2231 876 2289 utinam
898 2240 943 2291 tot
961 2230 1076 2291 lacrmis
1092 2250 1157 2291 non
1173 2230 1234 2293 de-

131 2360 285 2432 turpatus,
307 2350 392 2408 corius
406 2358 490 2408 tanto
504 2348 601 2407 maior
616 2346 870 2431 praestantiorque
885 2346 981 2408 rideri
995 2347 1084 2409 debet
1097 2354 1233 2412 auctori-

130 2481 193 2546 tas,
216 2488 276 2553 quo
300 2468 474 2529 accuratiori
499 2467 615 2528 calamo
636 2469 809 2527 universam
824 2469 1009 2527 celeberrimi
1024 2472 1130 2551 templi
1142 2492 1162 2531 a
1175 2474 1233 2533 Iu-

131 2591 262 2650 stiniano
276 2608 331 2648 sua
342 2598 519 2669 tempestate
533 2586 655 2647 excitati
667 2597 845 2647 structuram
856 2587 1005 2648 describit.
1036 2590 1135 2649 floruit
1147 2592 1234 2653 euim

133 2731 170 2771 eo
193 2700 360 2792 imperanto
380 2728 442 2768 non
462 2710 580 2789 poetica
600 2706 746 2768 duntaxat
766 2719 795 2768 et
815 2710 942 2768 oratoria
956 2705 1047 2769 laude
1062 2720 1161 2769 aetate
1173 2732 1234 2772 sua

133 2832 224 2911 longo
241 2830 439 2907 clarissimus,
460 2827 515 2889 sed
530 2838 561 2888 et
577 2828 725 2888 natalium
738 2826 896 2909 splendore
911 2829 1075 2911 opibusque
1088 2840 1118 2889 et
1130 2826 1234 2891 hono·

132 2950 215 3011 ribus
246 2951 434 3030 conspicuus.
475 2950 572 3010 Paulo
596 2959 753 3030 parentem
778 2949 871 3008 fuisse
897 2950 1009 3031 Cyrum
1030 2948 1117 3009 docet
1137 2948 1233 3013 buius

132 3072 272 3131 carminis
292 3071 413 3147 titulus,
443 3070 497 3153 qui
518 3066 642 3152 quidem
665 3086 728 3129 nou
746 3068 823 3128 alius
840 3066 917 3128 mihi
937 3067 1055 3129 ridetur
1072 3067 1109 3127 ab
1124 3072 1233 3153 ecqui

132 3186 195 3255 duri
208 3184 335 3255 o‘rroirov
351 3210 406 3249 seu
423 3188 529 3249 consul
543 3186 722 3247 codicillaris
736 3191 869 3266 exstitit,
891 3190 975 3249 cuius
992 3189 1064 3248 bina
1080 3186 1235 3249 habentur

131 3312 346 3391 epigrammata
365 3312 399 3367 in
417 3308 602 3389 Anthologia
619 3310 670 3367 Gr.
685 3306 741 3373 tt
756 3328 782 3367 c.
795 3314 835 3375 23
850 3319 880 3368 et
892 3308 950 3385 27,
971 3308 1099 3367 alterum
1118 3310 1152 3367 in
1173 3308 1235 3369 do-

129 3450 216 3490 mum
228 3450 245 3487 a
259 3428 429 3488 Maximino
443 3431 527 3510 Cpoli
540 3438 739 3505 exstructam,
760 3430 888 3488 alterum
902 3428 934 3487 in
946 3440 1077 3489 statuam
1087 3425 1234 3503 Pindari3

130 3548 207 3609 adeo
221 3560 255 3607 ut
268 3548 398 3607 Paulum
414 3568 430 3606 a
446 3559 568 3628 parents
583 3550 714 3607 suumin
730 3545 891 3630 ποιητικήν
904 3549 1136 3631 propensionem
1150 3544 1235 3607 hau-

129 3671 205 3729 sisse
223 3688 280 3749 par
298 3668 338 3728 sit
357 3664 489 3727 credere.
530 3668 669 3726 meminit
685 3670 776 3727 etiam
791 3670 955 3749 Procopius
972 3668 995 3727 l.
1009 3672 1031 3731 2
1047 3662 1235 3727 vandalico-

133 3810 200 3849 rum
224 3790 293 3869 Cyri
318 3784 492 3863 cuiusdam,
514 3788 568 3869 qui
589 3786 667 3846 forte
687 3786 769 3846 idem
792 3789 882 3848 luerit
906 3807 976 3845 cum
995 3784 1157 3847 cumulari.
1199 3796 1235 3847 at

131 3908 214 3991 qnod
232 3904 376 3987 Agathias
399 3905 437 3965 de
456 3908 551 3966 Paulo
573 3906 705 3968 scribens
730 3906 807 3968 haec
831 3906 948 3984 subdit,
977 3900 1173 3987 dvaleylodta
1193 3902 1235 3969 sti

135 4022 250 4111 Παύλῳ
267 4023 373 4108 Κύρου
388 4030 444 4091 rori
457 4020 584 4110 Φλώρου
604 4025 639 4095 iv
661 4027 831 4113 ἑξαμέτροις
851 4024 1061 4111 πεπονημένα,
1079 4026 1125 4085 sic
1142 4022 1235 4107 dige-

173 4196 182 4201 -
193 4190 340 4201 ..ιη’-...ι

201 4284 234 4351 ⁸)
268 4282 307 4337 al.
322 4280 451 4354 Agatltias
467 4300 498 4355 p.
513 4282 566 4339 296
582 4282 636 4339 ima
652 4282 696 4338 ad.
713 4282 800 4337 bonn.
