<?xml version="1.0" encoding="UTF-8"?>
<!DOCTYPE html PUBLIC "-//W3C//DTD XHTML 1.0 Transitional//EN"
    "http://www.w3.org/TR/xhtml1/DTD/xhtml1-transitional.dtd">
<html xmlns="http://www.w3.org/1999/xhtml" xml:lang="en" lang="en">
 <head>
  <title>
</title>
<meta http-equiv="Content-Type" content="text/html;charset=utf-8" />
  <meta name='ocr-system' content='tesseract 3.04.00' />
  <meta name='ocr-capabilities' content='ocr_page ocr_carea ocr_par ocr_line ocrx_word'/>
</head>
<body>
  <div class='ocr_page' id='page_1' title='image "./corpusscriptoru03berlgoog_0103.png"; bbox 0 0 2738 4762; ppageno 0'>
   <div class='ocr_carea' id='block_1_1' title="bbox 77 256 737 335">
    <p class='ocr_par' dir='ltr' id='par_1_1' title="bbox 77 256 737 335">
     <span class='ocr_line' id='line_1_1' title="bbox 77 256 737 335; baseline -0.015 0"><span class='ocrx_word' id='word_1_1' title='bbox 77 264 128 335; x_wconf 79' lang='lat'><strong>92</strong></span> <span class='ocrx_word' id='word_1_2' title='bbox 510 260 571 327; x_wconf 88' lang='lat' dir='ltr'><strong>DU</strong></span> <span class='ocrx_word' id='word_1_3' title='bbox 596 256 737 327; x_wconf 81' lang='lat' dir='ltr'><strong>ctttffll</strong></span> 
     </span>
    </p>
   </div>
   <div class='ocr_carea' id='block_1_2' title="bbox 76 416 1175 913">
    <p class='ocr_par' dir='ltr' id='par_1_2' title="bbox 78 416 1171 591">
     <span class='ocr_line' id='line_1_2' title="bbox 78 416 1171 509; baseline 0 -22"><span class='ocrx_word' id='word_1_4' title='bbox 78 426 300 487; x_wconf 76' lang='lat' dir='ltr'><strong>contenderunt.</strong></span> <span class='ocrx_word' id='word_1_5' title='bbox 346 422 385 485; x_wconf 92' lang='lat' dir='ltr'><strong>ad</strong></span> <span class='ocrx_word' id='word_1_6' title='bbox 417 446 484 485; x_wconf 90' lang='lat' dir='ltr'><strong>eam</strong></span> <span class='ocrx_word' id='word_1_7' title='bbox 512 446 601 509; x_wconf 83' lang='lat' dir='ltr'><strong>porro</strong></span> <span class='ocrx_word' id='word_1_8' title='bbox 618 416 817 486; x_wconf 81' lang='lat' dir='ltr'><strong>&#39;altitudinem</strong></span> <span class='ocrx_word' id='word_1_9' title='bbox 836 420 964 485; x_wconf 81' lang='lat' dir='ltr'><strong>eductus</strong></span> <span class='ocrx_word' id='word_1_10' title='bbox 984 424 1171 504; x_wconf 82' lang='lat' dir='ltr'><strong>potissimum</strong></span> 
     </span>
     <span class='ocr_line' id='line_1_3' title="bbox 78 510 949 591; baseline -0.006 -18"><span class='ocrx_word' id='word_1_11' title='bbox 78 512 195 584; x_wconf 86' lang='lat' dir='ltr'><strong>tholus,</strong></span> <span class='ocrx_word' id='word_1_12' title='bbox 217 531 287 569; x_wconf 87' lang='lat' dir='ltr'><strong>cum</strong></span> <span class='ocrx_word' id='word_1_13' title='bbox 298 523 365 591; x_wconf 87' lang='lat' dir='ltr'><strong>post</strong></span> <span class='ocrx_word' id='word_1_14' title='bbox 379 513 460 571; x_wconf 80' lang='lat' dir='ltr'><strong>illIus</strong></span> <span class='ocrx_word' id='word_1_15' title='bbox 473 530 575 570; x_wconf 86' lang='lat' dir='ltr'><strong>casnm</strong></span> <span class='ocrx_word' id='word_1_16' title='bbox 589 510 688 571; x_wconf 86' lang='lat' dir='ltr'><strong>denuo</strong></span> <span class='ocrx_word' id='word_1_17' title='bbox 702 514 883 571; x_wconf 84' lang='lat' dir='ltr'><strong>instauratus</strong></span> <span class='ocrx_word' id='word_1_18' title='bbox 893 520 949 569; x_wconf 88' lang='lat' dir='ltr'><strong>est.</strong></span> 
     </span>
    </p>

    <p class='ocr_par' dir='ltr' id='par_1_3' title="bbox 76 594 1175 913">
     <span class='ocr_line' id='line_1_4' title="bbox 161 594 1174 678; baseline -0.004 -19"><span class='ocrx_word' id='word_1_19' title='bbox 161 597 214 661; x_wconf 76' lang='lat'><strong>35.</strong></span> <span class='ocrx_word' id='word_1_20' title='bbox 256 599 345 657; x_wconf 77' lang='lat' dir='ltr'><strong>Auno</strong></span> <span class='ocrx_word' id='word_1_21' title='bbox 363 600 474 678; x_wconf 81' lang='lat' dir='ltr'>quippe</span> <span class='ocrx_word' id='word_1_22' title='bbox 494 600 652 655; x_wconf 88' lang='lat' dir='ltr'><strong>Iustiniani</strong></span> <span class='ocrx_word' id='word_1_23' title='bbox 668 600 727 671; x_wconf 77' lang='lat'><strong>32,</strong></span> <span class='ocrx_word' id='word_1_24' title='bbox 748 616 818 655; x_wconf 87' lang='lat' dir='ltr'><strong>cam</strong></span> <span class='ocrx_word' id='word_1_25' title='bbox 839 594 949 655; x_wconf 80' lang='lat' dir='ltr'><strong>crebris</strong></span> <span class='ocrx_word' id='word_1_26' title='bbox 970 604 1067 655; x_wconf 79' lang='lat' dir='ltr'><strong>terrae</strong></span> <span class='ocrx_word' id='word_1_27' title='bbox 1081 597 1174 661; x_wconf 81' lang='lat' dir='ltr'><strong>moti·</strong></span> 
     </span>
     <span class='ocr_line' id='line_1_5' title="bbox 79 679 1174 762; baseline -0.002 -19"><span class='ocrx_word' id='word_1_28' title='bbox 79 686 135 743; x_wconf 89' lang='lat' dir='ltr'><strong>hus</strong></span> <span class='ocrx_word' id='word_1_29' title='bbox 157 701 334 759; x_wconf 75' lang='lat' dir='ltr'><strong>concussum</strong></span> <span class='ocrx_word' id='word_1_30' title='bbox 357 680 612 761; x_wconf 76' lang='lat' dir='ltr'><strong>hemisphaerium</strong></span> <span class='ocrx_word' id='word_1_31' title='bbox 626 685 716 740; x_wconf 85' lang='lat' dir='ltr'><strong>rimas</strong></span> <span class='ocrx_word' id='word_1_32' title='bbox 730 691 847 761; x_wconf 81' lang='lat' dir='ltr'><strong>ageret,</strong></span> <span class='ocrx_word' id='word_1_33' title='bbox 869 679 994 739; x_wconf 83' lang='lat' dir='ltr'><strong>taudem</strong></span> <span class='ocrx_word' id='word_1_34' title='bbox 1007 699 1079 762; x_wconf 77' lang='lat' dir='ltr'><strong>perr</strong></span> <span class='ocrx_word' id='word_1_35' title='bbox 1093 682 1174 741; x_wconf 83' lang='lat' dir='ltr'><strong>illius</strong></span> 
     </span>
     <span class='ocr_line' id='line_1_6' title="bbox 76 766 1174 842; baseline -0.003 -14"><span class='ocrx_word' id='word_1_36' title='bbox 76 768 230 829; x_wconf 87' lang='lat' dir='ltr'><strong>orientalis</strong></span> <span class='ocrx_word' id='word_1_37' title='bbox 254 766 397 842; x_wconf 78' lang='lat' dir='ltr'><strong>concidit,</strong></span> <span class='ocrx_word' id='word_1_38' title='bbox 419 780 449 827; x_wconf 89' lang='lat' dir='ltr'><strong>et</strong></span> <span class='ocrx_word' id='word_1_39' title='bbox 465 770 611 827; x_wconf 89' lang='lat' dir='ltr'><strong>ciborium</strong></span> <span class='ocrx_word' id='word_1_40' title='bbox 625 778 655 827; x_wconf 88' lang='lat' dir='ltr'><strong>st</strong></span> <span class='ocrx_word' id='word_1_41' title='bbox 668 786 784 825; x_wconf 84' lang='lat' dir='ltr'><strong>suoram</strong></span> <span class='ocrx_word' id='word_1_42' title='bbox 798 784 933 825; x_wconf 87' lang='lat' dir='ltr'><strong>mensam</strong></span> <span class='ocrx_word' id='word_1_43' title='bbox 948 784 1006 825; x_wconf 86' lang='lat' dir='ltr'><strong>uns</strong></span> <span class='ocrx_word' id='word_1_44' title='bbox 1021 784 1093 825; x_wconf 83' lang='lat' dir='ltr'><strong>cum</strong></span> <span class='ocrx_word' id='word_1_45' title='bbox 1108 784 1174 825; x_wconf 84' lang='lat' dir='ltr'><strong>am-</strong></span> 
     </span>
     <span class='ocr_line' id='line_1_7' title="bbox 77 848 1175 913; baseline -0.002 0"><span class='ocrx_word' id='word_1_46' title='bbox 77 854 155 913; x_wconf 82' lang='lat' dir='ltr'><strong>bone</strong></span> <span class='ocrx_word' id='word_1_47' title='bbox 178 855 326 911; x_wconf 77' lang='lat' dir='ltr'><strong>contrivit.</strong></span> <span class='ocrx_word' id='word_1_48' title='bbox 368 874 480 912; x_wconf 84' lang='grc' dir='ltr'><strong><em>αιιιιιιιιι</em></strong></span> <span class='ocrx_word' id='word_1_49' title='bbox 503 874 640 913; x_wconf 88' lang='lat' dir='ltr'><strong>mensem</strong></span> <span class='ocrx_word' id='word_1_50' title='bbox 659 864 690 911; x_wconf 93' lang='lat' dir='ltr'><strong>et</strong></span> <span class='ocrx_word' id='word_1_51' title='bbox 709 850 790 909; x_wconf 88' lang='lat' dir='ltr'><strong>diem</strong></span> <span class='ocrx_word' id='word_1_52' title='bbox 810 872 897 911; x_wconf 79' lang='lat' dir='ltr'><strong>curus</strong></span> <span class='ocrx_word' id='word_1_53' title='bbox 911 852 1019 909; x_wconf 88' lang='lat' dir='ltr'><strong>trullae</strong></span> <span class='ocrx_word' id='word_1_54' title='bbox 1034 848 1175 911; x_wconf 81' lang='lat' dir='ltr'><strong>describit</strong></span> 
     </span>
    </p>
   </div>
   <div class='ocr_carea' id='block_1_3' title="bbox 74 929 1175 1213">
    <p class='ocr_par' dir='ltr' id='par_1_4' title="bbox 74 929 1175 1211">
     <span class='ocr_line' id='line_1_8' title="bbox 76 929 1175 1040; baseline 0.002 -43"><span class='ocrx_word' id='word_1_55' title='bbox 76 936 295 1017; x_wconf 80' lang='lat' dir='ltr'><strong>Theophanes·</strong></span> <span class='ocrx_word' id='word_1_56' title='bbox 316 933 414 1023; x_wconf 74' lang='grc' dir='ltr'><strong><em>τούτῳ</em></strong></span> <span class='ocrx_word' id='word_1_57' title='bbox 435 943 480 1023; x_wconf 76' lang='grc' dir='ltr'><strong>ιμ’</strong></span> <span class='ocrx_word' id='word_1_58' title='bbox 499 938 573 1015; x_wconf 78' lang='grc' dir='ltr'><strong><em>έτει,</em></strong></span> <span class='ocrx_word' id='word_1_59' title='bbox 591 938 664 1019; x_wconf 81' lang='grc' dir='ltr'><strong><em>μηνί</em></strong></span> <span class='ocrx_word' id='word_1_60' title='bbox 681 939 775 1021; x_wconf 77' lang='grc' dir='ltr'><strong><em>Μαΐῳ</em></strong></span> <span class='ocrx_word' id='word_1_61' title='bbox 788 932 824 1013; x_wconf 63' lang='grc' dir='ltr'><strong>ἴ,</strong></span> <span class='ocrx_word' id='word_1_62' title='bbox 845 929 993 1040; x_wconf 72' lang='grc' dir='ltr'><strong><em>η’μίραγ,</em></strong></span> <span class='ocrx_word' id='word_1_63' title='bbox 1016 930 1084 1023; x_wconf 72' lang='grc' dir='ltr'><strong><em>ὅρςι</em></strong></span> <span class='ocrx_word' id='word_1_64' title='bbox 1098 934 1175 1013; x_wconf 80' lang='grc' dir='ltr'><strong><em>πίμ-</em></strong></span> 
     </span>
     <span class='ocr_line' id='line_1_9' title="bbox 75 998 1174 1127; baseline -0.005 -40"><span class='ocrx_word' id='word_1_65' title='bbox 75 1048 152 1127; x_wconf 73' lang='lat' dir='ltr'><strong>usp,</strong></span> <span class='ocrx_word' id='word_1_66' title='bbox 185 1000 464 1104; x_wconf 75' lang='grc' dir='ltr'><strong><em>φιλοκαίονμένον</em></strong></span> <span class='ocrx_word' id='word_1_67' title='bbox 466 1028 523 1085; x_wconf 72' lang='grc' dir='ltr'><strong><em>τοῦ</em></strong></span> <span class='ocrx_word' id='word_1_68' title='bbox 545 1020 691 1105; x_wconf 73' lang='grc' dir='ltr'><strong><em>τροιὶλέον</em></strong></span> <span class='ocrx_word' id='word_1_69' title='bbox 711 1026 765 1103; x_wconf 79' lang='grc' dir='ltr'><strong>τῆς</strong></span> <span class='ocrx_word' id='word_1_70' title='bbox 785 1018 915 1101; x_wconf 67' lang='grc' dir='ltr'><strong><em>μεγάλης</em></strong></span> <span class='ocrx_word' id='word_1_71' title='bbox 926 998 1092 1101; x_wconf 69' lang='grc' dir='ltr'><strong><em>ἐκκλησίας</em></strong></span> <span class='ocrx_word' id='word_1_72' title='bbox 1110 1014 1174 1125; x_wconf 58' lang='lat' dir='ltr'><strong>(riu</strong></span> 
     </span>
     <span class='ocr_line' id='line_1_10' title="bbox 74 1104 1174 1213; baseline -0.003 -42"><span class='ocrx_word' id='word_1_73' title='bbox 74 1108 154 1211; x_wconf 66' lang='grc' dir='ltr'><strong>ηάρ</strong></span> <span class='ocrx_word' id='word_1_74' title='bbox 159 1106 370 1187; x_wconf 79' lang='grc' dir='ltr'><strong><em>διερρηγμένος</em></strong></span> <span class='ocrx_word' id='word_1_75' title='bbox 388 1108 422 1171; x_wconf 86' lang='grc' dir='ltr'><strong>ίκ</strong></span> <span class='ocrx_word' id='word_1_76' title='bbox 443 1113 506 1170; x_wconf 75' lang='lat' dir='ltr'><strong>coin</strong></span> <span class='ocrx_word' id='word_1_77' title='bbox 527 1106 697 1213; x_wconf 78' lang='grc' dir='ltr'><strong><em>γενομένων</em></strong></span> <span class='ocrx_word' id='word_1_78' title='bbox 719 1110 865 1186; x_wconf 71' lang='grc' dir='ltr'><strong><em>σεισμῶν,</em></strong></span> <span class='ocrx_word' id='word_1_79' title='bbox 886 1104 1091 1186; x_wconf 70' lang='grc' dir='ltr'><strong><em>ίργαζομίναν</em></strong></span> <span class='ocrx_word' id='word_1_80' title='bbox 1113 1111 1174 1167; x_wconf 78' lang='grc' dir='ltr'><strong><em>τοῖν</em></strong></span> 
     </span>
    </p>
   </div>
   <div class='ocr_carea' id='block_1_4' title="bbox 1 1187 1179 4254">
    <p class='ocr_par' dir='ltr' id='par_1_5' title="bbox 1 1187 1179 4254">
     <span class='ocr_line' id='line_1_11' title="bbox 79 1187 1175 1301; baseline -0.004 -44"><span class='ocrx_word' id='word_1_81' title='bbox 79 1187 237 1273; x_wconf 67' lang='lat' dir='ltr'><strong>locique)</strong></span> <span class='ocrx_word' id='word_1_82' title='bbox 259 1190 406 1256; x_wconf 71' lang='grc' dir='ltr'><strong><em>ἔπεσεν</em></strong></span> <span class='ocrx_word' id='word_1_83' title='bbox 372 1218 406 1256; x_wconf 88' lang='grc' dir='ltr'><strong><em>το</em></strong></span> <span class='ocrx_word' id='word_1_84' title='bbox 420 1187 599 1258; x_wconf 75' lang='grc' dir='ltr'><strong><em>α’ναιοίικόν</em></strong></span> <span class='ocrx_word' id='word_1_85' title='bbox 609 1192 747 1301; x_wconf 77' lang='grc' dir='ltr'><strong><em>μέρος</em></strong></span> <span class='ocrx_word' id='word_1_86' title='bbox 704 1216 763 1294; x_wconf 78' lang='grc' dir='ltr'><strong>της</strong></span> <span class='ocrx_word' id='word_1_87' title='bbox 775 1194 1005 1271; x_wconf 72' lang='grc' dir='ltr'><strong><em>προϋποσοοίιῐς</em></strong></span> <span class='ocrx_word' id='word_1_88' title='bbox 1014 1214 1071 1255; x_wconf 83' lang='grc' dir='ltr'><strong>τον</strong></span> <span class='ocrx_word' id='word_1_89' title='bbox 1058 1188 1175 1293; x_wconf 75' lang='lat' dir='ltr'><strong>sirion</strong></span> 
     </span>
     <span class='ocr_line' id='line_1_12' title="bbox 74 1270 1175 1385; baseline -0.005 -42"><span class='ocrx_word' id='word_1_90' title='bbox 74 1279 313 1385; x_wconf 71' lang='grc' dir='ltr'><strong><em>θυσιαστηρίου,</em></strong></span> <span class='ocrx_word' id='word_1_91' title='bbox 333 1278 385 1341; x_wconf 82' lang='grc' dir='ltr'><strong><em>καί</em></strong></span> <span class='ocrx_word' id='word_1_92' title='bbox 400 1278 578 1359; x_wconf 69' lang='grc' dir='ltr'><strong><em>συνέτριψεν</em></strong></span> <span class='ocrx_word' id='word_1_93' title='bbox 590 1302 624 1341; x_wconf 89' lang='grc' dir='ltr'><strong>ιο</strong></span> <span class='ocrx_word' id='word_1_94' title='bbox 617 1272 782 1357; x_wconf 72' lang='grc' dir='ltr'><strong><em>κιβώριον</em></strong></span> <span class='ocrx_word' id='word_1_95' title='bbox 794 1272 894 1340; x_wconf 78' lang='lat' dir='ltr'><strong>snl&#39;</strong></span> <span class='ocrx_word' id='word_1_96' title='bbox 855 1300 914 1357; x_wconf 87' lang='grc' dir='ltr'><strong><em>την</em></strong></span> <span class='ocrx_word' id='word_1_97' title='bbox 926 1274 1017 1359; x_wconf 73' lang='lat' dir='ltr'><strong>siplae</strong></span> <span class='ocrx_word' id='word_1_98' title='bbox 1026 1270 1175 1357; x_wconf 67' lang='grc' dir='ltr'><strong><em>τράπεζαν</em></strong></span> 
     </span>
     <span class='ocr_line' id='line_1_13' title="bbox 74 1359 1176 1443; baseline -0.005 -14"><span class='ocrx_word' id='word_1_99' title='bbox 74 1360 200 1429; x_wconf 74' lang='grc' dir='ltr'><strong><em>κοίταν</em></strong></span> <span class='ocrx_word' id='word_1_100' title='bbox 223 1359 360 1443; x_wconf 74' lang='grc' dir='ltr'><strong><em>ἄμβανα.</em></strong></span> <span class='ocrx_word' id='word_1_101' title='bbox 402 1362 442 1423; x_wconf 91' lang='lat' dir='ltr'><strong>ad</strong></span> <span class='ocrx_word' id='word_1_102' title='bbox 462 1362 543 1424; x_wconf 89' lang='lat' dir='ltr'><strong>hunc</strong></span> <span class='ocrx_word' id='word_1_103' title='bbox 563 1361 778 1442; x_wconf 76' lang='lat' dir='ltr'><strong>hemisphaerii</strong></span> <span class='ocrx_word' id='word_1_104' title='bbox 800 1382 904 1423; x_wconf 83' lang='lat' dir='ltr'><strong>casum</strong></span> <span class='ocrx_word' id='word_1_105' title='bbox 923 1372 1061 1443; x_wconf 74' lang='lat' dir='ltr'><strong>spectent</strong></span> <span class='ocrx_word' id='word_1_106' title='bbox 1083 1364 1176 1423; x_wconf 78' lang='lat' dir='ltr'><strong>susm</strong></span> 
     </span>
     <span class='ocr_line' id='line_1_14' title="bbox 75 1450 711 1529; baseline -0.003 -19"><span class='ocrx_word' id='word_1_107' title='bbox 75 1468 182 1511; x_wconf 76' lang='lat' dir='ltr'><strong>versus</strong></span> <span class='ocrx_word' id='word_1_108' title='bbox 199 1450 287 1509; x_wconf 87' lang='lat' dir='ltr'><strong>Pauli</strong></span> <span class='ocrx_word' id='word_1_109' title='bbox 304 1450 467 1509; x_wconf 85' lang='lat' dir='ltr'><strong>Silentiorii</strong></span> <span class='ocrx_word' id='word_1_110' title='bbox 481 1460 558 1529; x_wconf 85' lang='lat' dir='ltr'><strong>purt.</strong></span> <span class='ocrx_word' id='word_1_111' title='bbox 576 1455 591 1513; x_wconf 89' lang='lat'>1</span> <span class='ocrx_word' id='word_1_112' title='bbox 608 1470 638 1508; x_wconf 86' lang='lat' dir='ltr'><strong>v.</strong></span> <span class='ocrx_word' id='word_1_113' title='bbox 652 1451 711 1513; x_wconf 83' lang='lat'><strong>52·</strong></span> 
     </span>
     <span class='ocr_line' id='line_1_15' title="bbox 1 1529 927 1639; baseline -0.004 -41"><span class='ocrx_word' id='word_1_114' title='bbox 1 1536 2 1542; x_wconf 51' lang='lat'><em>&#39;</em></span> <span class='ocrx_word' id='word_1_115' title='bbox 239 1529 302 1613; x_wconf 76' lang='grc' dir='ltr'><strong>ἤδη</strong></span> <span class='ocrx_word' id='word_1_116' title='bbox 317 1532 373 1615; x_wconf 85' lang='grc' dir='ltr'><strong><em>μίν</em></strong></span> <span class='ocrx_word' id='word_1_117' title='bbox 386 1542 581 1639; x_wconf 77' lang='grc' dir='ltr'><strong><em>σθεναροῑσιν</em></strong></span> <span class='ocrx_word' id='word_1_118' title='bbox 595 1534 761 1613; x_wconf 80' lang='grc' dir='ltr'><strong><em>έπεμβανῖα</em></strong></span> <span class='ocrx_word' id='word_1_119' title='bbox 773 1532 927 1637; x_wconf 74' lang='grc' dir='ltr'><strong><em>θεμείίοις</em></strong></span> 
     </span>
     <span class='ocr_line' id='line_1_16' title="bbox 185 1612 1044 1769; baseline -0.005 -88"><span class='ocrx_word' id='word_1_120' title='bbox 185 1701 207 1769; x_wconf 60' lang='lat'>4</span> <span class='ocrx_word' id='word_1_121' title='bbox 240 1618 408 1702; x_wconf 73' lang='grc' dir='ltr'><strong><em>σφαίρης’</em></strong></span> <span class='ocrx_word' id='word_1_122' title='bbox 385 1614 549 1702; x_wconf 81' lang='grc' dir='ltr'><strong><em>ημιτόμοιο</em></strong></span> <span class='ocrx_word' id='word_1_123' title='bbox 562 1614 708 1700; x_wconf 80' lang='grc' dir='ltr'><strong><em>κατήριπε</em></strong></span> <span class='ocrx_word' id='word_1_124' title='bbox 722 1618 864 1692; x_wconf 65' lang='lat' dir='ltr'><strong>dicacior</strong></span> <span class='ocrx_word' id='word_1_125' title='bbox 878 1612 971 1693; x_wconf 71' lang='grc' dir='ltr'><strong><em>ἄντυξ</em></strong></span> <span class='ocrx_word' id='word_1_126' title='bbox 986 1624 1044 1693; x_wconf 80' lang='lat' dir='ltr'><strong>uc,</strong></span> 
     </span>
     <span class='ocr_line' id='line_1_17' title="bbox 77 1708 244 1771; baseline 0.014 -8"><span class='ocrx_word' id='word_1_127' title='bbox 77 1714 151 1765; x_wconf 79' lang='lat' dir='ltr'><strong>etv.</strong></span> <span class='ocrx_word' id='word_1_128' title='bbox 167 1708 184 1771; x_wconf 93' lang='lat'>1</span> <span class='ocrx_word' id='word_1_129' title='bbox 210 1709 244 1769; x_wconf 76' lang='lat'><strong>12</strong></span> 
     </span>
     <span class='ocr_line' id='line_1_18' title="bbox 241 1780 938 1937; baseline 0 -86"><span class='ocrx_word' id='word_1_130' title='bbox 241 1783 281 1937; x_wconf 58' lang='lat' dir='ltr'><strong>opi</strong></span> <span class='ocrx_word' id='word_1_131' title='bbox 296 1784 353 1871; x_wconf 69' lang='grc' dir='ltr'><strong>γὰρ</strong></span> <span class='ocrx_word' id='word_1_132' title='bbox 372 1781 597 1871; x_wconf 76' lang='grc' dir='ltr'><strong><em>α’ποτμηηίντος</em></strong></span> <span class='ocrx_word' id='word_1_133' title='bbox 609 1783 786 1871; x_wconf 71' lang='grc' dir='ltr'><strong><em>έρικκήμοιο</em></strong></span> <span class='ocrx_word' id='word_1_134' title='bbox 799 1780 938 1869; x_wconf 71' lang='grc' dir='ltr'><strong><em>καρήνου</em></strong></span> 
     </span>
     <span class='ocr_line' id='line_1_19' title="bbox 267 1881 385 1939; baseline 0 -3"><span class='ocrx_word' id='word_1_135' title='bbox 267 1881 385 1939; x_wconf 75' lang='grc' dir='ltr'><strong><em>κλασεν.</em></strong></span> 
     </span>
     <span class='ocr_line' id='line_1_20' title="bbox 75 1949 1178 2039; baseline -0.006 -21"><span class='ocrx_word' id='word_1_136' title='bbox 75 1960 263 2038; x_wconf 88' lang='lat' dir='ltr'><strong>collapsum</strong></span> <span class='ocrx_word' id='word_1_137' title='bbox 255 1963 346 2039; x_wconf 82' lang='lat' dir='ltr'><strong>igitur</strong></span> <span class='ocrx_word' id='word_1_138' title='bbox 359 1961 408 2019; x_wconf 82' lang='lat' dir='ltr'><strong>rel</strong></span> <span class='ocrx_word' id='word_1_139' title='bbox 421 1970 501 2019; x_wconf 89' lang='lat' dir='ltr'><strong>certe</strong></span> <span class='ocrx_word' id='word_1_140' title='bbox 515 1960 725 2019; x_wconf 76' lang='lat' dir='ltr'><strong>labefactatum</strong></span> <span class='ocrx_word' id='word_1_141' title='bbox 741 1954 1000 2037; x_wconf 73' lang='lat' dir='ltr'><strong>hemisphaerium</strong></span> <span class='ocrx_word' id='word_1_142' title='bbox 1008 1971 1070 2013; x_wconf 82' lang='lat' dir='ltr'><strong>nun</strong></span> <span class='ocrx_word' id='word_1_143' title='bbox 1082 1949 1178 2011; x_wconf 82' lang='lat' dir='ltr'><strong>ruodo</strong></span> 
     </span>
     <span class='ocr_line' id='line_1_21' title="bbox 75 2036 1176 2113; baseline -0.006 -11"><span class='ocrx_word' id='word_1_144' title='bbox 75 2042 114 2102; x_wconf 91' lang='lat' dir='ltr'><strong>de</strong></span> <span class='ocrx_word' id='word_1_145' title='bbox 137 2062 215 2103; x_wconf 80' lang='lat' dir='ltr'><strong>noro</strong></span> <span class='ocrx_word' id='word_1_146' title='bbox 237 2045 413 2103; x_wconf 77' lang='lat' dir='ltr'><strong>instauravit</strong></span> <span class='ocrx_word' id='word_1_147' title='bbox 433 2046 632 2113; x_wconf 85' lang='lat' dir='ltr'><strong>Iustinianus,</strong></span> <span class='ocrx_word' id='word_1_148' title='bbox 654 2043 816 2102; x_wconf 83' lang='lat' dir='ltr'><strong>sedetiam</strong></span> <span class='ocrx_word' id='word_1_149' title='bbox 829 2046 862 2101; x_wconf 91' lang='lat' dir='ltr'><strong>in</strong></span> <span class='ocrx_word' id='word_1_150' title='bbox 875 2044 1022 2100; x_wconf 89' lang='lat' dir='ltr'><strong>maiorem</strong></span> <span class='ocrx_word' id='word_1_151' title='bbox 1039 2036 1176 2097; x_wconf 86' lang='lat' dir='ltr'><strong>altitudi-</strong></span> 
     </span>
     <span class='ocr_line' id='line_1_22' title="bbox 75 2120 1176 2202; baseline -0.005 -16"><span class='ocrx_word' id='word_1_152' title='bbox 75 2146 147 2187; x_wconf 86' lang='lat' dir='ltr'><strong>nem</strong></span> <span class='ocrx_word' id='word_1_153' title='bbox 170 2130 296 2202; x_wconf 86' lang='lat' dir='ltr'><strong>extulit,</strong></span> <span class='ocrx_word' id='word_1_154' title='bbox 332 2126 481 2187; x_wconf 78' lang='lat' dir='ltr'><strong>Isidoro</strong></span> <span class='ocrx_word' id='word_1_155' title='bbox 472 2131 589 2187; x_wconf 72' lang='lat' dir='ltr'><strong>iuniore</strong></span> <span class='ocrx_word' id='word_1_156' title='bbox 610 2131 730 2188; x_wconf 76' lang='lat' dir='ltr'><strong>Milesio</strong></span> <span class='ocrx_word' id='word_1_157' title='bbox 752 2148 824 2187; x_wconf 90' lang='lat' dir='ltr'><strong>usus</strong></span> <span class='ocrx_word' id='word_1_158' title='bbox 846 2126 1023 2198; x_wconf 87' lang='lat' dir='ltr'><strong>architecto,</strong></span> <span class='ocrx_word' id='word_1_159' title='bbox 1055 2120 1176 2195; x_wconf 88' lang='lat' dir='ltr'><strong>Isidori,</strong></span> 
     </span>
     <span class='ocr_line' id='line_1_23' title="bbox 75 2210 1175 2294; baseline -0.005 -23"><span class='ocrx_word' id='word_1_160' title='bbox 75 2214 129 2293; x_wconf 84' lang='lat' dir='ltr'><strong>qui</strong></span> <span class='ocrx_word' id='word_1_161' title='bbox 153 2210 262 2272; x_wconf 81' lang='lat' dir='ltr'><strong>eedem</strong></span> <span class='ocrx_word' id='word_1_162' title='bbox 283 2211 469 2294; x_wconf 84' lang='lat' dir='ltr'><strong>Sophiannnr</strong></span> <span class='ocrx_word' id='word_1_163' title='bbox 486 2216 619 2294; x_wconf 88' lang='lat' dir='ltr'><strong>primum</strong></span> <span class='ocrx_word' id='word_1_164' title='bbox 635 2224 837 2285; x_wconf 78' lang='lat' dir='ltr'><strong>exstruxerat,</strong></span> <span class='ocrx_word' id='word_1_165' title='bbox 856 2223 983 2291; x_wconf 85' lang='lat' dir='ltr'><strong>nepote,</strong></span> <span class='ocrx_word' id='word_1_166' title='bbox 1006 2211 1092 2269; x_wconf 77' lang='lat' dir='ltr'><strong>cuim</strong></span> <span class='ocrx_word' id='word_1_167' title='bbox 1107 2227 1175 2265; x_wconf 90' lang='lat' dir='ltr'><strong>me-</strong></span> 
     </span>
     <span class='ocr_line' id='line_1_24' title="bbox 74 2296 1175 2398; baseline -0.006 -41"><span class='ocrx_word' id='word_1_168' title='bbox 74 2300 165 2357; x_wconf 91' lang='lat' dir='ltr'><strong>minit</strong></span> <span class='ocrx_word' id='word_1_169' title='bbox 184 2300 347 2378; x_wconf 84' lang='lat' dir='ltr'><strong>Procopius</strong></span> <span class='ocrx_word' id='word_1_170' title='bbox 364 2298 401 2357; x_wconf 90' lang='lat' dir='ltr'><strong>de</strong></span> <span class='ocrx_word' id='word_1_171' title='bbox 414 2298 514 2360; x_wconf 75' lang='lat' dir='ltr'><strong>dedii.</strong></span> <span class='ocrx_word' id='word_1_172' title='bbox 527 2302 610 2365; x_wconf 75' lang='lat'><strong>22:</strong></span> <span class='ocrx_word' id='word_1_173' title='bbox 631 2302 746 2359; x_wconf 81' lang='lat' dir='ltr'><strong>obierat</strong></span> <span class='ocrx_word' id='word_1_174' title='bbox 762 2302 844 2357; x_wconf 74' lang='lat' dir='ltr'><strong>enine</strong></span> <span class='ocrx_word' id='word_1_175' title='bbox 858 2296 1051 2357; x_wconf 81' lang='lat' dir='ltr'><strong>Anthemius.</strong></span> <span class='ocrx_word' id='word_1_176' title='bbox 1090 2296 1175 2398; x_wconf 81' lang='lat' dir='ltr'><strong>Aga-</strong></span> 
     </span>
     <span class='ocr_line' id='line_1_25' title="bbox 75 2371 1175 2485; baseline -0.001 -44"><span class='ocrx_word' id='word_1_177' title='bbox 75 2381 171 2443; x_wconf 81' lang='lat' dir='ltr'><strong>thius:</strong></span> <span class='ocrx_word' id='word_1_178' title='bbox 193 2380 259 2445; x_wconf 89' lang='grc' dir='ltr'><strong><em>τότε</em></strong></span> <span class='ocrx_word' id='word_1_179' title='bbox 274 2382 306 2445; x_wconf 80' lang='lat' dir='ltr'><strong>di</strong></span> <span class='ocrx_word' id='word_1_180' title='bbox 323 2379 490 2449; x_wconf 71' lang='lat' dir='ltr'><strong>sicinini</strong></span> <span class='ocrx_word' id='word_1_181' title='bbox 506 2409 561 2447; x_wconf 89' lang='grc' dir='ltr'><strong>τον</strong></span> <span class='ocrx_word' id='word_1_182' title='bbox 550 2380 684 2445; x_wconf 80' lang='grc' dir='ltr'><strong><em>’κλόνον</em></strong></span> <span class='ocrx_word' id='word_1_183' title='bbox 699 2408 732 2447; x_wconf 85' lang='grc' dir='ltr'><strong><em>το</em></strong></span> <span class='ocrx_word' id='word_1_184' title='bbox 723 2381 928 2485; x_wconf 73' lang='grc' dir='ltr'><strong><em>μεσαίτατον</em></strong></span> <span class='ocrx_word' id='word_1_185' title='bbox 933 2382 1072 2459; x_wconf 87' lang='grc' dir='ltr'><strong><em>μέρος</em></strong></span> <span class='ocrx_word' id='word_1_186' title='bbox 1034 2402 1090 2485; x_wconf 80' lang='grc' dir='ltr'><strong>της</strong></span> <span class='ocrx_word' id='word_1_187' title='bbox 1102 2371 1175 2457; x_wconf 83' lang='grc' dir='ltr'><strong><em>σ’ρο·</em></strong></span> 
     </span>
     <span class='ocr_line' id='line_1_26' title="bbox 76 2456 1178 2549; baseline -0.001 -21"><span class='ocrx_word' id='word_1_188' title='bbox 76 2472 140 2545; x_wconf 80' lang='grc' dir='ltr'><strong>φῆς</strong></span> <span class='ocrx_word' id='word_1_189' title='bbox 152 2464 338 2531; x_wconf 70' lang='lat' dir='ltr'><strong>selinuntos</strong></span> <span class='ocrx_word' id='word_1_190' title='bbox 350 2466 542 2549; x_wconf 78' lang='grc' dir='ltr'><strong><em>οπερβοίίίον</em></strong></span> <span class='ocrx_word' id='word_1_191' title='bbox 560 2464 789 2547; x_wconf 78' lang='grc' dir='ltr'><strong><em>οίποβεβληκοτα</em></strong></span> <span class='ocrx_word' id='word_1_192' title='bbox 806 2462 984 2531; x_wconf 79' lang='grc' dir='ltr'><strong><em>έπεσκεῦασέ</em></strong></span> <span class='ocrx_word' id='word_1_193' title='bbox 1001 2488 1032 2527; x_wconf 91' lang='grc' dir='ltr'><strong><em>τε</em></strong></span> <span class='ocrx_word' id='word_1_194' title='bbox 1049 2456 1178 2537; x_wconf 75' lang='grc' dir='ltr'><strong><em>αὖθιςᾶ</em></strong></span> 
     </span>
     <span class='ocr_line' id='line_1_27' title="bbox 78 2548 1176 2638; baseline -0.005 -25"><span class='ocrx_word' id='word_1_195' title='bbox 78 2549 219 2631; x_wconf 71' lang='grc' dir='ltr'><strong><em>βασιλειίς</em></strong></span> <span class='ocrx_word' id='word_1_196' title='bbox 240 2550 434 2633; x_wconf 75' lang='grc' dir='ltr'><strong><em>βεβαιότερον</em></strong></span> <span class='ocrx_word' id='word_1_197' title='bbox 453 2554 505 2615; x_wconf 81' lang='grc' dir='ltr'><strong><em>καί</em></strong></span> <span class='ocrx_word' id='word_1_198' title='bbox 523 2552 575 2614; x_wconf 72' lang='lat' dir='ltr'><strong>tut</strong></span> <span class='ocrx_word' id='word_1_199' title='bbox 595 2548 728 2629; x_wconf 75' lang='grc' dir='ltr'><strong><em>μεῖζον”</em></strong></span> <span class='ocrx_word' id='word_1_200' title='bbox 706 2570 789 2631; x_wconf 83' lang='grc' dir='ltr'><strong><em>νψος</em></strong></span> <span class='ocrx_word' id='word_1_201' title='bbox 801 2553 855 2628; x_wconf 84' lang='grc' dir='ltr'><strong>έξ</strong></span> <span class='ocrx_word' id='word_1_202' title='bbox 835 2577 899 2638; x_wconf 79' lang='grc' dir='ltr'><strong><em>η.ρε</em></strong></span> <span class='ocrx_word' id='word_1_203' title='bbox 941 2572 1032 2633; x_wconf 81' lang='lat' dir='ltr'><strong>(prum</strong></span> <span class='ocrx_word' id='word_1_204' title='bbox 1051 2548 1176 2629; x_wconf 84' lang='lat' dir='ltr'><strong>quidem</strong></span> 
     </span>
     <span class='ocr_line' id='line_1_28' title="bbox 77 2580 1176 2745; baseline -0.001 -51"><span class='ocrx_word' id='word_1_205' title='bbox 77 2639 223 2694; x_wconf 81' lang='lat' dir='ltr'><strong>rrrniorem</strong></span> <span class='ocrx_word' id='word_1_206' title='bbox 243 2637 433 2696; x_wconf 81' lang='lat' dir='ltr'><strong>altitudinem</strong></span> <span class='ocrx_word' id='word_1_207' title='bbox 455 2638 496 2701; x_wconf 78' lang='lat'><strong>25</strong></span> <span class='ocrx_word' id='word_1_208' title='bbox 520 2635 632 2716; x_wconf 86' lang='lat' dir='ltr'><strong>pedum</strong></span> <span class='ocrx_word' id='word_1_209' title='bbox 653 2658 718 2697; x_wconf 86' lang='lat' dir='ltr'><strong>esse</strong></span> <span class='ocrx_word' id='word_1_210' title='bbox 737 2580 858 2697; x_wconf 88' lang='lat' dir='ltr'><strong>trudunt</strong></span> <span class='ocrx_word' id='word_1_211' title='bbox 864 2641 1039 2745; x_wconf 75' lang='lat' dir='ltr'><strong>scriptores</strong></span> <span class='ocrx_word' id='word_1_212' title='bbox 1059 2654 1176 2693; x_wconf 77' lang='grc' dir='ltr'><strong><em>οιιιιιει.</em></strong></span> 
     </span>
     <span class='ocr_line' id='line_1_29' title="bbox 76 2715 1177 2825; baseline 0 -46"><span class='ocrx_word' id='word_1_213' title='bbox 76 2720 299 2799; x_wconf 83' lang='lat' dir='ltr'><strong>Th:eophunes</strong></span> <span class='ocrx_word' id='word_1_214' title='bbox 328 2719 508 2825; x_wconf 70' lang='grc' dir='ltr'><strong><em>βασιλειίςη</em></strong></span> <span class='ocrx_word' id='word_1_215' title='bbox 488 2719 608 2804; x_wconf 76' lang='grc' dir='ltr'><strong><em>ἤγειρεν</em></strong></span> <span class='ocrx_word' id='word_1_216' title='bbox 629 2719 739 2797; x_wconf 74' lang='grc' dir='ltr'><strong><em>ἄλλους</em></strong></span> <span class='ocrx_word' id='word_1_217' title='bbox 760 2744 888 2798; x_wconf 89' lang='grc' dir='ltr'><strong><em>πινσοος</em></strong></span> <span class='ocrx_word' id='word_1_218' title='bbox 909 2724 960 2785; x_wconf 74' lang='grc' dir='ltr'><strong><em>καὶ</em></strong></span> <span class='ocrx_word' id='word_1_219' title='bbox 980 2721 1098 2821; x_wconf 69' lang='grc' dir='ltr'><strong><em>ἐδέξατο</em></strong></span> <span class='ocrx_word' id='word_1_220' title='bbox 1120 2715 1177 2781; x_wconf 77' lang='lat' dir='ltr'><strong>riv</strong></span> 
     </span>
     <span class='ocr_line' id='line_1_30' title="bbox 76 2800 1177 2909; baseline -0.001 -42"><span class='ocrx_word' id='word_1_221' title='bbox 76 2810 238 2909; x_wconf 72' lang='grc' dir='ltr'><strong><em>τροῦέλον,</em></strong></span> <span class='ocrx_word' id='word_1_222' title='bbox 263 2802 379 2870; x_wconf 76' lang='grc' dir='ltr'><strong><em>καί”</em></strong></span> <span class='ocrx_word' id='word_1_223' title='bbox 339 2831 437 2883; x_wconf 83' lang='grc' dir='ltr'><strong><em>ουτως</em></strong></span> <span class='ocrx_word' id='word_1_224' title='bbox 457 2807 598 2887; x_wconf 84' lang='grc' dir='ltr'><strong><em>έκτίσθη,</em></strong></span> <span class='ocrx_word' id='word_1_225' title='bbox 625 2807 767 2887; x_wconf 66' lang='grc' dir='ltr'><strong><em>ὑψωθεὶς</em></strong></span> <span class='ocrx_word' id='word_1_226' title='bbox 789 2808 880 2871; x_wconf 80' lang='grc' dir='ltr'><strong><em>πλέον</em></strong></span> <span class='ocrx_word' id='word_1_227' title='bbox 902 2810 996 2870; x_wconf 79' lang='grc' dir='ltr'><strong><em>είκοσι</em></strong></span> <span class='ocrx_word' id='word_1_228' title='bbox 1015 2800 1110 2879; x_wconf 76' lang='grc' dir='ltr'><strong><em>πόδας</em></strong></span> <span class='ocrx_word' id='word_1_229' title='bbox 1133 2804 1177 2877; x_wconf 82' lang='grc' dir='ltr'><strong><em>εἰς</em></strong></span> 
     </span>
     <span class='ocr_line' id='line_1_31' title="bbox 76 2886 1177 2997; baseline -0.003 -44"><span class='ocrx_word' id='word_1_230' title='bbox 76 2886 228 2973; x_wconf 79' lang='grc' dir='ltr'><strong><em>α’ναβασιν</em></strong></span> <span class='ocrx_word' id='word_1_231' title='bbox 252 2890 353 2956; x_wconf 82' lang='grc' dir='ltr'><strong><em>έποὶνω</em></strong></span> <span class='ocrx_word' id='word_1_232' title='bbox 374 2898 429 2955; x_wconf 79' lang='grc' dir='ltr'><strong><em>τοῦ</em></strong></span> <span class='ocrx_word' id='word_1_233' title='bbox 447 2888 569 2972; x_wconf 74' lang='grc' dir='ltr'><strong><em>πρώτου</em></strong></span> <span class='ocrx_word' id='word_1_234' title='bbox 585 2896 753 2973; x_wconf 81' lang='grc' dir='ltr'><strong><em>κτίσματος.</em></strong></span> <span class='ocrx_word' id='word_1_235' title='bbox 795 2898 947 2954; x_wconf 83' lang='lat' dir='ltr'><strong>Zonarns:</strong></span> <span class='ocrx_word' id='word_1_236' title='bbox 966 2888 1044 2955; x_wconf 76' lang='grc' dir='ltr'><strong><em>ὅθεν</em></strong></span> <span class='ocrx_word' id='word_1_237' title='bbox 1062 2890 1177 2997; x_wconf 77' lang='grc' dir='ltr'><strong><em>λέγεται</em></strong></span> 
     </span>
     <span class='ocr_line' id='line_1_32' title="bbox 76 2967 1177 3082; baseline -0.002 -43"><span class='ocrx_word' id='word_1_238' title='bbox 76 2976 179 3040; x_wconf 79' lang='lat' dir='ltr'><strong>sol</strong></span> <span class='ocrx_word' id='word_1_239' title='bbox 147 3002 200 3042; x_wconf 88' lang='grc' dir='ltr'><strong>ιον</strong></span> <span class='ocrx_word' id='word_1_240' title='bbox 218 2984 348 3061; x_wconf 78' lang='grc' dir='ltr'><strong><em>τροῦλον</em></strong></span> <span class='ocrx_word' id='word_1_241' title='bbox 364 2976 525 3058; x_wconf 72' lang='grc' dir='ltr'><strong><em>προστάξει</em></strong></span> <span class='ocrx_word' id='word_1_242' title='bbox 541 2982 603 3041; x_wconf 70' lang='grc' dir='ltr'><strong><em>τοῖν</em></strong></span> <span class='ocrx_word' id='word_1_243' title='bbox 620 2979 765 3061; x_wconf 71' lang='grc' dir='ltr'><strong><em>βασιλέοιν</em></strong></span> <span class='ocrx_word' id='word_1_244' title='bbox 780 2984 1008 3082; x_wconf 76' lang='grc' dir='ltr'><strong><em>καθαιρεθῆναι</em></strong></span> <span class='ocrx_word' id='word_1_245' title='bbox 1018 2975 1071 3039; x_wconf 75' lang='grc' dir='ltr'><strong><em>καί</em></strong></span> <span class='ocrx_word' id='word_1_246' title='bbox 1082 2967 1177 3048; x_wconf 70' lang='grc' dir='ltr'><strong><em>αὖθις</em></strong></span> 
     </span>
     <span class='ocr_line' id='line_1_33' title="bbox 75 3056 1174 3165; baseline 0 -42"><span class='ocrx_word' id='word_1_247' title='bbox 75 3056 280 3145; x_wconf 77' lang='grc' dir='ltr'><strong><em>α’νεγερθῆναι</em></strong></span> <span class='ocrx_word' id='word_1_248' title='bbox 293 3065 344 3129; x_wconf 71' lang='lat' dir='ltr'><strong>tat</strong></span> <span class='ocrx_word' id='word_1_249' title='bbox 360 3060 498 3139; x_wconf 65' lang='lat' dir='ltr'><strong>nodari</strong></span> <span class='ocrx_word' id='word_1_250' title='bbox 468 3088 481 3127; x_wconf 95' lang='grc' dir='ltr'><strong><em>ε</em></strong></span> <span class='ocrx_word' id='word_1_251' title='bbox 495 3084 564 3129; x_wconf 88' lang='grc' dir='ltr'><strong><em>κοσι</em></strong></span> <span class='ocrx_word' id='word_1_252' title='bbox 576 3089 626 3127; x_wconf 86' lang='grc' dir='ltr'><strong>και</strong></span> <span class='ocrx_word' id='word_1_253' title='bbox 616 3065 728 3128; x_wconf 88' lang='grc' dir='ltr'><strong><em>πέντε</em></strong></span> <span class='ocrx_word' id='word_1_254' title='bbox 743 3059 973 3165; x_wconf 76' lang='grc' dir='ltr'><strong><em>μετεωρότερον,</em></strong></span> <span class='ocrx_word' id='word_1_255' title='bbox 994 3061 1046 3125; x_wconf 76' lang='grc' dir='ltr'><strong><em>καί</em></strong></span> <span class='ocrx_word' id='word_1_256' title='bbox 1064 3068 1174 3123; x_wconf 88' lang='grc' dir='ltr'><strong><em>καθιε-</em></strong></span> 
     </span>
     <span class='ocr_line' id='line_1_34' title="bbox 75 3144 1175 3250; baseline -0.003 -41"><span class='ocrx_word' id='word_1_257' title='bbox 75 3154 216 3229; x_wconf 82' lang='grc' dir='ltr'><strong><em>ρωθῆναι</em></strong></span> <span class='ocrx_word' id='word_1_258' title='bbox 230 3146 313 3233; x_wconf 70' lang='grc' dir='ltr'><strong><em>παρὰ</em></strong></span> <span class='ocrx_word' id='word_1_259' title='bbox 332 3146 483 3230; x_wconf 68' lang='grc' dir='ltr'><strong><em>Εὕτνχίου</em></strong></span> <span class='ocrx_word' id='word_1_260' title='bbox 498 3154 553 3212; x_wconf 79' lang='grc' dir='ltr'><strong><em>τοῦ</em></strong></span> <span class='ocrx_word' id='word_1_261' title='bbox 568 3173 751 3250; x_wconf 79' lang='grc' dir='ltr'><strong><em>πατριαρχον</em></strong></span> <span class='ocrx_word' id='word_1_262' title='bbox 764 3174 797 3212; x_wconf 92' lang='grc' dir='ltr'><strong><em>το</em></strong></span> <span class='ocrx_word' id='word_1_263' title='bbox 791 3144 963 3229; x_wconf 77' lang='grc' dir='ltr'><strong><em>δεύτερον.</em></strong></span> <span class='ocrx_word' id='word_1_264' title='bbox 1004 3168 1045 3206; x_wconf 88' lang='lat' dir='ltr'><strong>ex</strong></span> <span class='ocrx_word' id='word_1_265' title='bbox 1065 3146 1175 3227; x_wconf 84' lang='lat' dir='ltr'><strong>quibus</strong></span> 
     </span>
     <span class='ocr_line' id='line_1_35' title="bbox 76 3234 1177 3315; baseline -0.003 -23"><span class='ocrx_word' id='word_1_266' title='bbox 76 3246 200 3313; x_wconf 72' lang='lat' dir='ltr'><strong>apparet</strong></span> <span class='ocrx_word' id='word_1_267' title='bbox 220 3256 297 3315; x_wconf 90' lang='lat' dir='ltr'><strong>quae</strong></span> <span class='ocrx_word' id='word_1_268' title='bbox 317 3236 391 3296; x_wconf 85' lang='lat' dir='ltr'><strong>fides</strong></span> <span class='ocrx_word' id='word_1_269' title='bbox 406 3234 577 3295; x_wconf 86' lang='lat' dir='ltr'><strong>adhihenda</strong></span> <span class='ocrx_word' id='word_1_270' title='bbox 590 3238 629 3295; x_wconf 88' lang='lat' dir='ltr'><strong>sit</strong></span> <span class='ocrx_word' id='word_1_271' title='bbox 642 3237 805 3313; x_wconf 77' lang='lat' dir='ltr'><strong>nugacibus</strong></span> <span class='ocrx_word' id='word_1_272' title='bbox 820 3256 854 3293; x_wconf 80' lang='lat' dir='ltr'><strong>ec</strong></span> <span class='ocrx_word' id='word_1_273' title='bbox 870 3235 1016 3314; x_wconf 88' lang='lat' dir='ltr'><strong>imperitis</strong></span> <span class='ocrx_word' id='word_1_274' title='bbox 1032 3234 1100 3291; x_wconf 80' lang='lat' dir='ltr'><strong>aeri</strong></span> <span class='ocrx_word' id='word_1_275' title='bbox 1116 3251 1177 3290; x_wconf 83' lang='lat' dir='ltr'><strong>ex-</strong></span> 
     </span>
     <span class='ocr_line' id='line_1_36' title="bbox 8 3318 1177 3419; baseline -0.002 -42"><span class='ocrx_word' id='word_1_276' title='bbox 8 3319 60 3377; x_wconf 79' lang='lat'><strong>549</strong></span> <span class='ocrx_word' id='word_1_277' title='bbox 77 3320 164 3377; x_wconf 88' lang='lat' dir='ltr'><strong>tremi</strong></span> <span class='ocrx_word' id='word_1_278' title='bbox 185 3320 353 3393; x_wconf 87' lang='lat' dir='ltr'><strong>Graeculis,</strong></span> <span class='ocrx_word' id='word_1_279' title='bbox 376 3323 572 3380; x_wconf 86' lang='lat' dir='ltr'><strong>scribentibus</strong></span> <span class='ocrx_word' id='word_1_280' title='bbox 595 3323 676 3379; x_wconf 86' lang='lat' dir='ltr'><strong>ulnis</strong></span> <span class='ocrx_word' id='word_1_281' title='bbox 696 3320 843 3379; x_wconf 83' lang='lat' dir='ltr'><strong>duntaxat</strong></span> <span class='ocrx_word' id='word_1_282' title='bbox 861 3320 1034 3419; x_wconf 83' lang='lat' dir='ltr'><strong>quindecim</strong></span> <span class='ocrx_word' id='word_1_283' title='bbox 1048 3338 1065 3375; x_wconf 83' lang='lat' dir='ltr'><strong>u</strong></span> <span class='ocrx_word' id='word_1_284' title='bbox 1081 3318 1177 3397; x_wconf 86' lang='lat' dir='ltr'><strong>priori</strong></span> 
     </span>
     <span class='ocr_line' id='line_1_37' title="bbox 75 3402 1178 3513; baseline 0.001 -51"><span class='ocrx_word' id='word_1_285' title='bbox 75 3402 234 3462; x_wconf 85' lang='lat' dir='ltr'><strong>altitudine</strong></span> <span class='ocrx_word' id='word_1_286' title='bbox 250 3407 361 3463; x_wconf 88' lang='lat' dir='ltr'><strong>excisis</strong></span> <span class='ocrx_word' id='word_1_287' title='bbox 377 3404 633 3513; x_wconf 84' lang='lat' dir='ltr'><strong>hemisphaerium</strong></span> <span class='ocrx_word' id='word_1_288' title='bbox 651 3427 770 3465; x_wconf 89' lang='lat' dir='ltr'><strong>rursum</strong></span> <span class='ocrx_word' id='word_1_289' title='bbox 787 3406 1019 3479; x_wconf 75' lang='lat' dir='ltr'><strong>ardilio-utum,</strong></span> <span class='ocrx_word' id='word_1_290' title='bbox 1012 3426 1043 3461; x_wconf 85' lang='lat' dir='ltr'><strong>nr</strong></span> <span class='ocrx_word' id='word_1_291' title='bbox 1065 3404 1178 3484; x_wconf 75' lang='lat' dir='ltr'><strong>quibus</strong></span> 
     </span>
     <span class='ocr_line' id='line_1_38' title="bbox 74 3483 1176 3592; baseline 0.002 -44"><span class='ocrx_word' id='word_1_292' title='bbox 74 3500 121 3548; x_wconf 90' lang='lat' dir='ltr'><strong>est</strong></span> <span class='ocrx_word' id='word_1_293' title='bbox 135 3489 271 3587; x_wconf 82' lang='lat' dir='ltr'><strong>Glycns.</strong></span> <span class='ocrx_word' id='word_1_294' title='bbox 294 3483 475 3592; x_wconf 77' lang='grc' dir='ltr'><strong><em>ἆνεγείρεται</em></strong></span> <span class='ocrx_word' id='word_1_295' title='bbox 498 3484 606 3565; x_wconf 76' lang='grc' dir='ltr'><strong><em>αὖθις,</em></strong></span> <span class='ocrx_word' id='word_1_296' title='bbox 628 3488 766 3565; x_wconf 74' lang='grc' dir='ltr'><strong><em>πεδεινος</em></strong></span> <span class='ocrx_word' id='word_1_297' title='bbox 790 3490 823 3554; x_wconf 77' lang='lat' dir='ltr'><strong>di</strong></span> <span class='ocrx_word' id='word_1_298' title='bbox 845 3487 1022 3569; x_wconf 74' lang='grc' dir='ltr'><strong><em>λειπόμενος</em></strong></span> <span class='ocrx_word' id='word_1_299' title='bbox 1044 3485 1121 3570; x_wconf 79' lang='grc' dir='ltr'><strong><em>πρὸς</em></strong></span> <span class='ocrx_word' id='word_1_300' title='bbox 1141 3511 1176 3551; x_wconf 90' lang='grc' dir='ltr'><strong><em>το</em></strong></span> 
     </span>
     <span class='ocr_line' id='line_1_39' title="bbox 73 3567 1179 3656; baseline -0.002 -21"><span class='ocrx_word' id='word_1_301' title='bbox 73 3567 183 3656; x_wconf 70' lang='grc' dir='ltr'><strong><em>πρηίην</em></strong></span> <span class='ocrx_word' id='word_1_302' title='bbox 197 3568 329 3654; x_wconf 69' lang='grc' dir='ltr'><strong><em>ὀργυιῶν</em></strong></span> <span class='ocrx_word' id='word_1_303' title='bbox 344 3568 389 3637; x_wconf 84' lang='grc' dir='ltr'><strong><em>ιε’.</em></strong></span> <span class='ocrx_word' id='word_1_304' title='bbox 432 3574 540 3634; x_wconf 84' lang='lat' dir='ltr'><strong>eadem</strong></span> <span class='ocrx_word' id='word_1_305' title='bbox 556 3574 667 3634; x_wconf 87' lang='lat' dir='ltr'><strong>habent</strong></span> <span class='ocrx_word' id='word_1_306' title='bbox 684 3581 861 3656; x_wconf 82' lang='lat' dir='ltr'><strong>Anorrymus</strong></span> <span class='ocrx_word' id='word_1_307' title='bbox 875 3589 904 3635; x_wconf 88' lang='lat' dir='ltr'><strong>et</strong></span> <span class='ocrx_word' id='word_1_308' title='bbox 918 3574 1060 3634; x_wconf 85' lang='lat' dir='ltr'><strong>Codinns.</strong></span> <span class='ocrx_word' id='word_1_309' title='bbox 1105 3594 1179 3633; x_wconf 87' lang='lat' dir='ltr'><strong>cnm</strong></span> 
     </span>
     <span class='ocr_line' id='line_1_40' title="bbox 74 3658 1176 3741; baseline 0 -24"><span class='ocrx_word' id='word_1_310' title='bbox 74 3661 166 3737; x_wconf 84' lang='lat' dir='ltr'><strong>igitur</strong></span> <span class='ocrx_word' id='word_1_311' title='bbox 187 3662 334 3737; x_wconf 82' lang='lat' dir='ltr'><strong>Euagrius</strong></span> <span class='ocrx_word' id='word_1_312' title='bbox 353 3658 568 3737; x_wconf 87' lang='lat' dir='ltr'><strong>hemisphaerii</strong></span> <span class='ocrx_word' id='word_1_313' title='bbox 590 3662 780 3719; x_wconf 89' lang='lat' dir='ltr'><strong>altitudinem</strong></span> <span class='ocrx_word' id='word_1_314' title='bbox 802 3682 820 3720; x_wconf 88' lang='lat' dir='ltr'><strong>a</strong></span> <span class='ocrx_word' id='word_1_315' title='bbox 839 3666 1009 3741; x_wconf 79' lang='lat' dir='ltr'><strong>parimento</strong></span> <span class='ocrx_word' id='word_1_316' title='bbox 1032 3659 1071 3717; x_wconf 89' lang='lat' dir='ltr'><strong>ad</strong></span> <span class='ocrx_word' id='word_1_317' title='bbox 1090 3660 1176 3717; x_wconf 84' lang='lat' dir='ltr'><strong>illins</strong></span> 
     </span>
     <span class='ocr_line' id='line_1_41' title="bbox 75 3743 1178 3824; baseline 0 -21"><span class='ocrx_word' id='word_1_318' title='bbox 75 3755 209 3803; x_wconf 86' lang='lat' dir='ltr'><strong>centrum</strong></span> <span class='ocrx_word' id='word_1_319' title='bbox 224 3743 338 3824; x_wconf 89' lang='lat' dir='ltr'><strong>pedum</strong></span> <span class='ocrx_word' id='word_1_320' title='bbox 352 3747 423 3818; x_wconf 87' lang='grc'><strong>180,</strong></span> <span class='ocrx_word' id='word_1_321' title='bbox 443 3746 561 3823; x_wconf 87' lang='lat' dir='ltr'><strong>Gyllins</strong></span> <span class='ocrx_word' id='word_1_322' title='bbox 573 3765 643 3805; x_wconf 79' lang='lat' dir='ltr'><strong>vero</strong></span> <span class='ocrx_word' id='word_1_323' title='bbox 655 3747 845 3806; x_wconf 90' lang='lat' dir='ltr'><strong>altitudinem</strong></span> <span class='ocrx_word' id='word_1_324' title='bbox 856 3770 874 3806; x_wconf 84' lang='lat' dir='ltr'><strong>u</strong></span> <span class='ocrx_word' id='word_1_325' title='bbox 886 3767 1004 3807; x_wconf 87' lang='lat' dir='ltr'><strong>snrmnn</strong></span> <span class='ocrx_word' id='word_1_326' title='bbox 1016 3755 1178 3803; x_wconf 85' lang='lat' dir='ltr'><strong>curvatura</strong></span> 
     </span>
     <span class='ocr_line' id='line_1_42' title="bbox 75 3828 1179 3910; baseline -0.002 -21"><span class='ocrx_word' id='word_1_327' title='bbox 75 3849 198 3889; x_wconf 83' lang='lat' dir='ltr'><strong>arcuum</strong></span> <span class='ocrx_word' id='word_1_328' title='bbox 221 3849 316 3909; x_wconf 91' lang='lat' dir='ltr'><strong>usqne</strong></span> <span class='ocrx_word' id='word_1_329' title='bbox 340 3828 380 3887; x_wconf 81' lang='lat' dir='ltr'><strong>ud</strong></span> <span class='ocrx_word' id='word_1_330' title='bbox 402 3831 608 3907; x_wconf 81' lang='lat' dir='ltr'><strong>perimentmn</strong></span> <span class='ocrx_word' id='word_1_331' title='bbox 624 3832 683 3894; x_wconf 78' lang='grc'><strong>142</strong></span> <span class='ocrx_word' id='word_1_332' title='bbox 697 3833 809 3910; x_wconf 86' lang='lat' dir='ltr'><strong>pedum</strong></span> <span class='ocrx_word' id='word_1_333' title='bbox 819 3855 884 3893; x_wconf 76' lang='lat' dir='ltr'><strong>esse</strong></span> <span class='ocrx_word' id='word_1_334' title='bbox 899 3833 1033 3904; x_wconf 81' lang='lat' dir='ltr'><strong>trmlaut,</strong></span> <span class='ocrx_word' id='word_1_335' title='bbox 1055 3828 1179 3888; x_wconf 82' lang='lat' dir='ltr'><strong>videtur</strong></span> 
     </span>
     <span class='ocr_line' id='line_1_43' title="bbox 75 3912 1177 3997; baseline 0 -24"><span class='ocrx_word' id='word_1_336' title='bbox 75 3916 179 3973; x_wconf 82' lang='lat' dir='ltr'><strong>confici</strong></span> <span class='ocrx_word' id='word_1_337' title='bbox 205 3912 419 3994; x_wconf 76' lang='lat' dir='ltr'><strong>lietuispheerii</strong></span> <span class='ocrx_word' id='word_1_338' title='bbox 443 3917 536 3994; x_wconf 88' lang='lat' dir='ltr'><strong>ipsius</strong></span> <span class='ocrx_word' id='word_1_339' title='bbox 560 3916 750 3976; x_wconf 89' lang='lat' dir='ltr'><strong>altitudinem</strong></span> <span class='ocrx_word' id='word_1_340' title='bbox 775 3940 841 3977; x_wconf 85' lang='lat' dir='ltr'><strong>esse</strong></span> <span class='ocrx_word' id='word_1_341' title='bbox 866 3921 906 3982; x_wconf 81' lang='lat'><strong>38</strong></span> <span class='ocrx_word' id='word_1_342' title='bbox 930 3917 1052 3997; x_wconf 75' lang='lat' dir='ltr'><strong>pedum·</strong></span> <span class='ocrx_word' id='word_1_343' title='bbox 1101 3936 1177 3973; x_wconf 85' lang='lat' dir='ltr'><strong>rrum</strong></span> 
     </span>
     <span class='ocr_line' id='line_1_44' title="bbox 75 3998 1177 4082; baseline 0 -24"><span class='ocrx_word' id='word_1_344' title='bbox 75 4002 210 4069; x_wconf 85' lang='lat' dir='ltr'><strong>ancus,</strong></span> <span class='ocrx_word' id='word_1_345' title='bbox 234 4020 390 4079; x_wconf 85' lang='lat' dir='ltr'><strong>perquem</strong></span> <span class='ocrx_word' id='word_1_346' title='bbox 405 4000 511 4059; x_wconf 84' lang='lat' dir='ltr'><strong>aedem</strong></span> <span class='ocrx_word' id='word_1_347' title='bbox 526 3998 710 4079; x_wconf 89' lang='lat' dir='ltr'><strong>Sophinnnm</strong></span> <span class='ocrx_word' id='word_1_348' title='bbox 724 4007 822 4063; x_wconf 85' lang='lat' dir='ltr'><strong>metiri</strong></span> <span class='ocrx_word' id='word_1_349' title='bbox 835 4007 949 4063; x_wconf 78' lang='lat' dir='ltr'><strong>curavit</strong></span> <span class='ocrx_word' id='word_1_350' title='bbox 959 4005 1095 4082; x_wconf 85' lang='lat' dir='ltr'><strong>Gyllins,</strong></span> <span class='ocrx_word' id='word_1_351' title='bbox 1119 3998 1177 4058; x_wconf 88' lang='lat' dir='ltr'><strong>he-</strong></span> 
     </span>
     <span class='ocr_line' id='line_1_45' title="bbox 77 4086 1177 4166; baseline 0.003 -24"><span class='ocrx_word' id='word_1_352' title='bbox 77 4086 292 4165; x_wconf 79' lang='lat' dir='ltr'><strong>misphaerium</strong></span> <span class='ocrx_word' id='word_1_353' title='bbox 313 4105 374 4144; x_wconf 92' lang='lat' dir='ltr'><strong>non</strong></span> <span class='ocrx_word' id='word_1_354' title='bbox 395 4106 516 4144; x_wconf 88' lang='lat' dir='ltr'><strong>mensus</strong></span> <span class='ocrx_word' id='word_1_355' title='bbox 538 4095 600 4158; x_wconf 83' lang='lat' dir='ltr'><strong>est3</strong></span> <span class='ocrx_word' id='word_1_356' title='bbox 630 4090 681 4166; x_wconf 86' lang='lat' dir='ltr'><strong>qni</strong></span> <span class='ocrx_word' id='word_1_357' title='bbox 707 4092 732 4147; x_wconf 86' lang='lat' dir='ltr'><strong>si</strong></span> <span class='ocrx_word' id='word_1_358' title='bbox 756 4100 835 4148; x_wconf 86' lang='lat' dir='ltr'><strong>recte</strong></span> <span class='ocrx_word' id='word_1_359' title='bbox 861 4110 981 4148; x_wconf 90' lang='lat' dir='ltr'><strong>mensus</strong></span> <span class='ocrx_word' id='word_1_360' title='bbox 998 4099 1076 4147; x_wconf 83' lang='lat' dir='ltr'><strong>esset</strong></span> <span class='ocrx_word' id='word_1_361' title='bbox 1091 4089 1177 4145; x_wconf 89' lang='lat' dir='ltr'><strong>illins</strong></span> 
     </span>
     <span class='ocr_line' id='line_1_46' title="bbox 77 4170 1177 4254; baseline 0.005 -28"><span class='ocrx_word' id='word_1_362' title='bbox 77 4171 281 4246; x_wconf 88' lang='lat' dir='ltr'><strong>altitudinem,</strong></span> <span class='ocrx_word' id='word_1_363' title='bbox 305 4190 373 4230; x_wconf 89' lang='lat' dir='ltr'><strong>eam</strong></span> <span class='ocrx_word' id='word_1_364' title='bbox 386 4172 424 4229; x_wconf 89' lang='lat' dir='ltr'><strong>ab</strong></span> <span class='ocrx_word' id='word_1_365' title='bbox 437 4170 595 4231; x_wconf 90' lang='lat' dir='ltr'><strong>ultitndine</strong></span> <span class='ocrx_word' id='word_1_366' title='bbox 612 4190 704 4252; x_wconf 75' lang='lat' dir='ltr'><strong>tpnam</strong></span> <span class='ocrx_word' id='word_1_367' title='bbox 722 4174 810 4233; x_wconf 87' lang='lat' dir='ltr'><strong>tradit</strong></span> <span class='ocrx_word' id='word_1_368' title='bbox 822 4178 971 4254; x_wconf 79' lang='lat' dir='ltr'><strong>Euagrius</strong></span> <span class='ocrx_word' id='word_1_369' title='bbox 986 4192 1095 4254; x_wconf 84' lang='lat' dir='ltr'><strong>parum</strong></span> <span class='ocrx_word' id='word_1_370' title='bbox 1111 4172 1177 4231; x_wconf 88' lang='lat' dir='ltr'><strong>dis-</strong></span> 
     </span>
    </p>
   </div>
   <div class='ocr_carea' id='block_1_5' title="bbox 76 4256 1177 4343">
    <p class='ocr_par' dir='ltr' id='par_1_6' title="bbox 76 4256 1177 4343">
     <span class='ocr_line' id='line_1_47' title="bbox 76 4256 1177 4343; baseline -0.003 -23"><span class='ocrx_word' id='word_1_371' title='bbox 76 4272 196 4335; x_wconf 74' lang='lat' dir='ltr'><strong>crepare</strong></span> <span class='ocrx_word' id='word_1_372' title='bbox 219 4260 430 4340; x_wconf 86' lang='lat' dir='ltr'><strong>comperisset,</strong></span> <span class='ocrx_word' id='word_1_373' title='bbox 456 4266 490 4319; x_wconf 91' lang='lat' dir='ltr'><strong>ut</strong></span> <span class='ocrx_word' id='word_1_374' title='bbox 510 4258 630 4341; x_wconf 83' lang='lat' dir='ltr'><strong>Gyllius</strong></span> <span class='ocrx_word' id='word_1_375' title='bbox 655 4256 779 4341; x_wconf 86' lang='lat' dir='ltr'><strong>quidem</strong></span> <span class='ocrx_word' id='word_1_376' title='bbox 800 4263 971 4337; x_wconf 58' lang='lat' dir='ltr'><strong>existiman</strong></span> <span class='ocrx_word' id='word_1_377' title='bbox 999 4278 1177 4343; x_wconf 81' lang='lat' dir='ltr'><strong>qrranqnsm</strong></span> 
     </span>
    </p>
   </div>
   <div class='ocr_carea' id='block_1_6' title="bbox 0 0 1375 4762">
    <p class='ocr_par' dir='ltr' id='par_1_7' title="bbox 0 0 1375 4762">
     <span class='ocr_line' id='line_1_48' title="bbox 0 0 1375 4762; baseline 0 0"><span class='ocrx_word' id='word_1_378' title='bbox 0 0 1375 4762; x_wconf 95' lang='lat' dir='ltr'><strong> </strong></span> 
     </span>
    </p>
   </div>
  </div>
 </body>
</html>
