2738 4762
246 284 319 359 118
676 280 735 353 DU
765 278 910 349 canon

408 448 630 527 composuitque
642 446 741 505 solnm
753 446 878 505 decom
888 446 1024 505 warine
1038 443 1136 517 dm,

450 535 539 591 eterit
549 534 650 611 :rgias
662 532 796 611 :aridique
808 532 964 607 mirficum

243 620 287 678 ita
303 614 385 697 epud
401 620 593 677 Anactorium
608 620 639 674 in
657 620 789 676 Honorio
806 618 873 676 1¹1²:
893 617 1045 674 uvescit
1062 616 1165 695 regrirs
1183 616 1295 675 iossuos
1307 618 1336 675 in

243 724 381 783 mgresru
403 704 544 761 ecclessiae
569 704 709 771 marom,
729 722 809 781 qnae
828 701 1024 781 appellantur
1044 700 1219 773 moses,
1239 722 1275 759 ex
1288 722 1334 759 ar

241 800 343 869 grato.
386 789 420 845 in
433 790 571 847 Conone:
593 790 648 866 qni
660 788 878 865 nusss'fuerant
891 787 929 845 dc
939 788 1068 843 eremitis
1077 786 1125 845 ad
1133 786 1334 845 crutods'endos

243 876 345 954 regios
356 871 512 943 baetim,
531 872 653 930 ebroas
664 870 872 930 obserssobunt.
915 874 949 929 in
961 873 1062 931 hona
1075 890 1115 930 111
1128 873 1235 951 πχὴν
1247 874 1333 931 maio·

241 980 290 1018 res
305 980 337 1039 p·
354 956 423 1032 131,
438 961 510 1025 138.
527 956 597 1031 134,
613 956 684 1019 143.

329 1046 382 1107 81.
424 1040 565 1102 Tandem
583 1043 775 1121 pervenimus
796 1036 837 1099 ed
856 1040 977 1099 tertiam
992 1058 1121 1121 eamque
1135 1041 1278 1101 ultimem
1289 1058 1331 1101 ss-

243 1148 310 1189 crse
338 1125 422 1186 sedis
444 1139 576 1207 partem,
597 1129 629 1183 in
648 1146 710 1206 qus
724 1120 935 1207 πολυγλαυσος
952 1120 1071 1203 ὅμιλος,
1093 1135 1128 1185 ut
1140 1126 1275 1208 loquitur
1287 1127 1330 1185 Si·

243 1215 415 1285 lentinuus,
436 1232 492 1271 seu
514 1211 648 1269 fidelium
665 1212 753 1269 turbs
764 1230 805 1269 ex
817 1212 908 1269 rsriis
922 1211 1060 1289 gentibus
1074 1209 1251 1293 linguisque
1266 1230 1329 1271 con·

243 1300 315 1359 deta
329 1298 521 1357 consistebat.
564 1295 603 1354 de
616 1297 699 1355 iliius
712 1296 833 1375 propris
848 1296 1049 1375 appellatione
1061 1297 1116 1354 rix
1129 1299 1211 1355 inter
1222 1316 1255 1355 se
1265 1314 1328 1355 oon-

242 1385 376 1445 sentiunt
399 1385 572 1462 scriptores:
594 1382 724 1439 illlatius
744 1382 827 1439 enim
845 1378 996 1439 narthecis
1010 1382 1132 1439 nornine
1146 1378 1253 1441 donari
1265 1388 1330 1439 cont

243 1467 356 1542 tendit,
377 1470 462 1527 cuius
483 1465 541 1524 hac
564 1469 595 1523 in
619 1486 652 1523 re
672 1467 850 1524 sententium
864 1483 954 1545 supra
965 1474 1103 1523 sccumto
1113 1468 1188 1526 sutis
1201 1467 1325 1525 examina

244 1554 451 1615 discussimus.
493 1553 547 1609 slii
559 1547 693 1631 πρόναου
706 1550 888 1631 appellatam
901 1551 1021 1625 rolsmt,
1043 1560 1076 1608 ut
1090 1570 1171 1630 quse
1184 1562 1251 1611 ante
1261 1544 1325 1614 seir

243 1660 299 1701 seu
320 1637 446 1699 chorum
470 1635 704 1715 ingredientibus
723 1646 879 1711 occurret:
910 1646 1001 1717 etque
1019 1631 1053 1694 id
1072 1632 1196 1695 ridetur
1215 1640 1324 1697 unm

243 1722 377 1787 eodinus
393 1723 431 1782 de
446 1720 504 1782 0ff.
519 1742 545 1779 c.
562 1726 617 1786 17:
640 1718 724 1794 ίκτός
737 1718 934 1803 sciroforion
945 1718 1115 1803 ίεγοριὲνον
1128 1725 1248 1800 nosse,
1268 1718 1322 1801 ἤτοι

242 1808 278 1875 ίν
300 1804 436 1893 ιροναὶφ.
479 1826 552 1865 narn
572 1808 627 1864 etsi
649 1808 763 1865 Goarus
782 1802 858 1863 haec
877 1806 969 1865 rerbs
986 1803 1024 1865 de
1041 1806 1193 1865 vestibulo
1208 1807 1322 1867 reinar-

243 1892 332 1956 tbeoe
354 1890 500 1975 capienda
523 1902 659 1967 censeat,
679 1892 770 1970 longe
789 1900 891 1949 tamen
909 1900 1023 1967 suant,
1043 1892 1142 1973 iuquit
1157 1890 1240 1951 idern
1249 1892 1320 1952 Alit-

244 1984 322 2055 tius,
345 1982 478 2039 Goarnrn
500 1976 651 2050 indicens,
675 1979 728 2058 qui
747 1995 875 2056 pronaos
895 1978 1027 2055 porticus
1046 1995 1113 2036 esse
1126 1977 1245 2038 volunt.
1277 1992 1321 2034 nes

246 2066 345 2125 obstat
358 2065 520 2122 Bnlssmon
535 2066 566 2119 in
580 2082 644 2121 carr.
659 2064 701 2127 74
714 2060 829 2142 Synod.
842 2062 1005 2121 Troiianse
1016 2061 1069 2119 nbi
1083 2064 1126 2122 ait
1136 2052 1321 2127 simum

243 2152 289 2233 τῷ
313 2148 410 2229 κυρίῳ
431 2141 665 2227 ἅνατεθειμίνον
689 2141 835 2223 κυριακὸν
863 2144 1018 2229 ίίγεσθαι,
1049 2141 1111 2209 side
1132 2144 1178 2231 psi
1200 2148 1322 2223 lsslqcls

243 2232 341 2311 ίστίν,
364 2225 438 2293 ἄλλα
462 2226 595 2312 πρόναος
616 2228 705 2312 τοχίν
723 2226 746 2311 ἢ
764 2226 865 2314 ἕτερόν
883 2255 911 2294 rs
927 2225 1025 2312 ίερόν,
1046 2235 1177 2312 quippe,
1198 2242 1230 2292 nt
1244 2230 1321 2291 intes

244 2316 327 2375 idem
345 2317 491 2387 Allatins,
514 2318 656 2377 ecclesiae
677 2317 820 2375 vocabulo
839 2309 910 2390 υαός
927 2318 1044 2396 proprie
1055 2318 1241 2397 intelligitur.
1277 2334 1320 2374 eo·

245 2400 376 2481 deinqne
393 2422 482 2459 sensu
496 2402 720 2481 percipiendum
738 2423 802 2460 esse
819 2412 917 2461 censet
931 2403 1023 2463 elium
1035 2403 1224 2463 Balsuinonis
1238 2404 1319 2461 locum

245 2485 286 2545 nd
299 2506 365 2545 carr.
379 2489 400 2548 2
414 2489 551 2567 Dionysii
566 2485 747 2559 Alexandr„
770 2491 801 2544 in
821 2506 880 2566 qno
899 2481 1033 2568 πρόναον
1049 2507 1064 2543 a
1079 2490 1217 2565 proaulio
1231 2486 1320 2547 distin·

245 2573 328 2650 guit,
348 2591 474 2673 esseque
494 2574 596 2631 scribit
618 2568 713 2633 τόπου
731 2571 869 2651 dictione
881 2574 1053 2651 μετανοίας,
1073 2570 1129 2635 τίν
1145 2578 1209 2635 τοῖν
1222 2568 1320 2652 ἄκρον·

246 2654 347 2735 μένων
367 2661 536 2740 λεγομευου.
578 2676 675 2736 neque
696 2668 796 2713 tamen
819 2660 908 2735 plana
929 2658 981 2714 illa
1002 2658 1034 2713 fit
1046 2676 1087 2715 ex
1099 2660 1137 2716 iis
1150 2660 1225 2718 locis
1234 2654 1319 2716 sinii

137 2750 161 2805 P
179 2747 231 2803 592
247 2743 411 2801 sententia:
434 2745 545 2823 qnippe
569 2762 637 2798 cunr
660 2761 699 2797 ex
723 2741 829 2799 eodeni
850 2745 992 2821 scriptore
1013 2741 1052 2800 ad
1074 2763 1141 2801 can.
1163 2744 1203 2807 14
1221 2738 1319 2802 mucii

246 2830 385 2901 Nicaeni,
408 2838 436 2885 et
459 2831 490 2886 in
512 2830 609 2906 Epist.
631 2828 766 2904 Gregorii
781 2830 908 2906 Nysseni
926 2826 963 2883 ud
983 2830 1137 2904 Letoium,
1162 2828 1272 2904 ἔξωθεν
1280 2826 1321 2890 τοί

245 2918 327 2976 ναοῦ
347 2916 464 2972 stetisse
486 2912 640 2970 audientes
656 2910 808 2985 dicuntur,
831 2913 882 2969 nbi
898 2913 950 2969 alii
968 2912 1022 2987 ἔξω
1037 2917 1090 2990 τῆς
1109 2913 1265 2993 ἐκκλησίας
1278 2911 1322 2971 bs·

244 2998 332 3074 bent,
355 3001 387 3057 in
405 3018 462 3057 nac
481 3018 552 3057 rero
570 3018 622 3055 sen
638 2996 727 3054 choro
740 2998 819 3055 solos
836 2999 958 3055 clericos
981 3008 1009 3054 et
1029 3008 1115 3056 extra
1129 3019 1223 3057 nsum
1236 2997 1322 3056 fideles

247 3086 414 3143 constitisse
430 3082 539 3141 diserte
554 3084 742 3140 Silentisrins
758 3080 878 3161 prodat,
900 3102 959 3139 non
977 3084 1066 3161 plane
1083 3082 1172 3143 rideo
1190 3080 1322 3165 qnomods

245 3163 321 3241 ναός
343 3170 381 3225 sit
403 3169 454 3224 illa
474 3188 543 3247 pars
563 3170 649 3224 tertis
666 3166 747 3224 aedis
763 3187 872 3225 sacrae.
915 3166 1022 3224 deinde
1034 3169 1196 3229 Balsamon
1207 3171 1245 3226 ait
1257 3190 1324 3247 προ·

246 3245 342 3324 ναίους
365 3272 469 3309 eornm
494 3254 585 3310 fnisse
611 3254 718 3331 quibus
744 3272 805 3309 non
827 3252 935 3309 licebat
957 3248 1161 3330 ἐκκλησιάζειν
1175 3275 1225 3313 sen
1238 3254 1324 3312 eccle-

247 3335 323 3393 siuns
345 3335 478 3411 ingredi,
502 3348 534 3393 nt
556 3336 763 3409 audientibus3
786 3336 866 3416 quod
889 3336 1117 3415 intelligendum
1139 3351 1186 3399 est
1205 3338 1241 3398 de
1257 3349 1325 3396 tem·

245 3438 320 3497 pore
335 3438 395 3497 qno
410 3439 491 3476 sucra
505 3423 721 3499 peragebantur
735 3425 889 3500 mysteria:
911 3442 982 3479 narn
996 3435 1064 3480 ente
1079 3427 1268 3503 evangelium
1284 3444 1325 3482 ec·

246 3503 370 3561 clesianr
394 3504 636 3582 ingrediebantur
658 3506 696 3564 ad
716 3526 813 3564 sacres
838 3509 996 3584 scripturas
1012 3519 1040 3566 et
1054 3507 1196 3570 homilias
1213 3509 1325 3569 audien·

248 3586 318 3659 dus:
340 3586 420 3645 unde
439 3583 627 3669 α’κροοίμενοι
644 3591 731 3650 dicti:
753 3602 819 3671 post
832 3594 1020 3669 evangelium
1035 3604 1136 3652 sutem
1147 3616 1236 3654 exea
1249 3616 1327 3654 excr-

247 3670 360 3730 debant
373 3686 401 3730 et
415 3676 446 3730 in
460 3676 600 3733 nartliece
613 3679 825 3751 consistebant,
849 3676 921 3734 dum
933 3697 1016 3736 sacra
1029 3681 1260 3741 continebantur
1270 3700 1328 3761 my·

245 3758 353 3831 steria,
375 3763 437 3819 ταῖν
455 3766 589 3839 φρικτών
606 3761 823 3841 ίκτείουμίνων
840 3765 1026 3841 μυστηρίων,
1048 3775 1081 3821 ut
1098 3763 1191 3824 habet
1206 3768 1329 3847 Symeon

245 3839 386 3901 Thessal.
403 3846 479 3903 libro
495 3857 596 3903 contra
613 3845 761 3905 haereses.
803 3847 927 3926 proinde
944 3852 1088 3906 incertum
1104 3851 1283 3932 relinquitur
1296 3870 1328 3909 sn

245 3927 327 4005 apud
340 3932 475 3987 Nicetam
490 3934 520 3987 in
535 3933 616 3988 Mau·
630 3933 651 3988 l·
668 3936 688 3994 2
706 3932 822 4005 εἴσοδος
835 3938 891 3994 τοῦ
906 3929 1041 4011 προνάου
1058 3937 1096 3992 sit
1110 3939 1177 4013 ipse
1191 3938 1273 3998 aedis
1286 3957 1330 3998 aa·

245 4032 313 4071 crae
328 4033 367 4072 an
379 4035 450 4074 vero
464 4016 604 4073 vestibuli
616 4018 776 4092 ingressus.
819 4016 899 4097 qnod
914 4022 993 4075 enim
1010 4020 1172 4079 Balsnmon
1185 4017 1330 4101 nescisse

245 4116 264 4155 a
284 4101 426 4177 proauliis
447 4098 619 4178 distinguit,
640 4102 704 4156 lieri
721 4112 818 4179 potest
833 4115 866 4159 ut
881 4105 1051 4182 προαυίίυν
1065 4124 1138 4162 voce
1154 4108 1330 4166 intellexerit

243 4198 343 4256 ereas,
364 4204 442 4261 qnae
463 4196 531 4242 ante
552 4183 641 4241 aedes
659 4204 756 4242 sncrss
778 4198 928 4264 prostant:
952 4199 1029 4246 certe
1045 4200 1160 4249 constat
1175 4194 1249 4250 olim
1262 4214 1331 4273 προ·

242 4258 338 4341 ναίους
349 4267 497 4328 eiusmodi
509 4272 583 4328 utria
596 4270 759 4350 appellata5
782 4290 841 4351 qua
852 4275 971 4332 notione
982 4293 1116 4354 pronuon
1128 4281 1235 4340 mauis
1246 4276 1329 4338 deum
