2738 4762
105 250 179 329 ttt
391 262 406 319 .'
527 248 763 321 nuenton
898 304 905 315 .

510 405 930 519 atactu-atandre-
1019 416 1024 425 '

311 492 856 585 dpyipscscriipnmsrcicnsdssos.
1207 526 1214 535 ·

106 606 163 651 san
178 582 338 667 sphaeram
359 582 400 643 sd
417 594 556 649 ornstnrn
567 594 702 660 tanturn,
723 604 778 645 san
791 584 869 643 caeli
879 580 1008 663 figuram
1020 600 1201 663 repraesen-

105 683 169 733 tara
181 690 236 753 par
249 667 407 775 sphaeram
425 670 553 729 voluerit
567 671 766 730 lastinianus:
796 686 871 727 uam
887 668 1005 727 caelum
1023 686 1081 748 par
1098 670 1200 751 ipsu

105 756 212 831 homo,
238 777 292 819 ros
307 748 439 835 osipuso'v
452 750 507 835 pis
521 749 573 819 tri
584 758 641 817 τοῦ
654 754 740 835 lepori
752 747 904 833 βήματος,
926 751 1097 833 designari,
1119 764 1152 813 at
1164 750 1200 819 si

106 834 325 923 dnommsiprns
339 836 381 911 dc
395 835 487 901 ἄλλον
503 832 639 920 odpsso‘s
650 858 708 899 nos
719 836 840 913 hahere,
860 839 904 895 ait
916 836 1051 917 Symeon
1062 834 1201 899 'l'hans-

107 926 269 987 lonioansis
280 924 335 983 lih.
348 920 388 983 de
397 924 521 1003 templo.
543 921 624 983 unde
634 921 862 1004 chrysostomus
874 922 987 983 Homil.
1000 926 1021 987 8
1035 920 1076 982 sd
1085 920 1198 1005 liphas.

108 1010 221 1085 scribit,
243 1028 311 1069 oum
323 1009 392 1067 raia
403 1006 530 1067 hamatis
544 1006 723 1068 diducuntur
740 1017 771 1066 et
784 1010 973 1087 aperiuntur,
993 1017 1067 1066 tunc
1081 1008 1199 1067 caelum

105 1086 765 1261 {fflriiiiiiihiiihfissd'issi
774 1086 1198 1253 itfflt'u'iiti’ii

107 1268 252 1413 madi?
286 1343 380 1407 nddtt
395 1342 504 1405 deinde
517 1346 706 1407 silentiarius
719 1364 809 1427 supra
823 1344 930 1429 polum
941 1346 1060 1407 stetisse
1072 1364 1196 1421 mosen,

110 1432 194 1519 qund
203 1432 285 1493 idem
300 1441 345 1493 ast
359 1450 394 1491 ao
404 1452 498 1512 apra
510 1431 670 1513 sphaeram
680 1442 733 1492 aut
744 1430 872 1491 multem:
928 1422 933 1435 ’

3 1530 28 1587 P
43 1529 96 1590 673
583 1510 685 1594 duddo
698 1510 729 1579 δ’
746 1512 843 1581 adacti

315 1595 443 1681 oswoo'e
458 1596 644 1683 dcspriiius
658 1595 868 1677 ἀναφαίνεται.

111 1706 213 1749 mou
236 1685 356 1747 ciboriis
373 1688 617 1767 superimpositas
635 1686 686 1747 rei
699 1684 851 1746 christum
870 1686 904 1745 in
922 1702 1009 1743 uuna
1018 1680 1198 1765 pandantes·

111 1774 326 1855 raprseoentari
342 1770 474 1845 solitum,
497 1782 612 1832 constat
625 1790 665 1830 ex
677 1772 714 1832 iis
727 1790 805 1853 quae
819 1789 838 1830 s
851 1768 973 1831 llinoiao
988 1770 1067 1829 191¹
1077 1766 1198 1831 uadun-

110 1868 161 1919 tur
175 1860 261 1939 epist.
274 1862 312 1922 2:
333 1856 411 1937 quid
416 1856 497 1932 fidei
509 1868 627 1917 norom
639 1854 829 1928 contradicit,
850 1854 933 1937 quod
944 1854 978 1911 in
993 1865 1199 1915 emnam

110 1962 176 2017 me,
195 1962 286 2021 super
301 1942 412 2013 auare,
433 1943 496 2000 ensa
508 1941 664 2023 figuram,
685 1940 769 2023 quod
782 1938 906 2001 verbm
926 1960 997 1998 carn
1008 1940 1138 2021 snctessrs
1149 1948 1200 2012 cst,

110 2028 232 2087 animas
243 2038 360 2085 norom
374 2026 543 2109 affectando
557 2028 735 2087 autom
779 2027 833 2087 uhi
847 2045 909 2087 vox
929 2024 1102 2107 affectando
1122 2022 1202 2085 iden

111 2122 157 2173 ast
175 2109 436 2193 quodadcrcndoc
457 2115 605 2193 expressit
618 2112 868 2194 quippcrcrhum
879 2114 1033 2193 σχετικός,
1062 2130 1118 2171 san
1127 2108 1200 2193 offs-
1225 2177 1230 2191 .

111 2198 225 2255 ctimm
236 2216 391 2254 sermnem
406 2197 576 2277 s'rrrngirrrsm
587 2198 804 2269 adoreneum,
830 2198 875 2256 nti
885 2196 1018 2276 loquitur
1028 2196 1200 2257 Anaussins

110 2277 355 2341 bibliothecarius
367 2282 400 2339 in
412 2284 490 2341 llist.
503 2282 634 2357 Eccles.;
662 2302 753 2362 quam
769 2278 904 2362 σχετικὴν
917 2280 1064 2361 appellari
1079 2299 1097 2339 a
1110 2280 1201 2341 (irso-

111 2368 154 2425 cis
168 2366 358 2445 scriptoribus
372 2370 404 2424 in
417 2369 495 2425 notis
510 2365 734 2425 adAlexiadem
746 2367 881 2445 pluribus
894 2366 1098 2447 probavimus,
1110 2384 1200 2448 quaa

112 2469 172 2600 ppo
186 2452 219 2596 ip
234 2454 387 2557 sententiis
404 2452 459 2596 ps:
477 2449 650 2556 patrum'de
666 2450 787 2552 Ado'rat.
802 2456 896 2599 Impg.
911 2454 954 2597 sip
969 2449 1133 2599 dpfirpitup}
1145 2450 1202 2513 lost

112 2553 1202 2703 καῖξιῖγᾝᾜοςκῖἰκεῗὲἶῒῖῗέῗεἷεζισέἴξᾏίξημῖνῒιιςιῖἔέγγεῗλοίἕεντις.

111 2726 168 2787 per
176 2724 281 2763 rocem
297 2713 398 2761 autem
408 2703 577 2762 desiderunt
589 2698 706 2763 videtur
712 2709 836 2765 inuuere
844 2717 962 2766 sanctus
970 2708 1111 2785 pontifex
1118 2704 1203 2765 chri-

113 2794 226 2850 stianos
243 2800 273 2849 et
285 2788 399 2864 fideles,
420 2787 492 2847 dum
505 2792 605 2848 lesum
614 2792 765 2849 intuentur
777 2796 810 2850 in
825 2812 910 2850 cruce
922 2791 1105 2870 pendentem
1119 2810 1203 2873 super

114 2877 208 2935 altare
221 2877 254 2933 in
270 2876 397 2950 ciborio,
419 2877 651 2934 sacratissimum
664 2878 746 2935 illius
762 2896 884 2956 corpus,
907 2876 989 2959 quod
1005 2879 1037 2933 in
1053 2898 1091 2936 eo
1106 2887 1137 2936 et
1151 2875 1203 2935 suh

115 2982 201 3021 cruce
215 2960 396 3035 asservatur,
425 2973 581 3040 expetere,
613 2972 642 3019 et
654 2962 825 3042 affectuosis
837 2962 989 3020 deciderim
1004 2963 1087 3021 illiue
1103 2981 1203 3042 perce·

115 3050 249 3127 ptinuem
273 3056 425 3127 exoptare.
473 3048 598 3106 verbum
623 3050 703 3104 enim
726 3046 891 3105 deriderem
912 3044 968 3106 huo
989 3057 1023 3105 ut
1043 3047 1204 3126 plurimum

115 3136 236 3192 untione
259 3143 402 3212 usurpant
421 3135 515 3190 amoti
530 3141 645 3210 patres,
677 3132 730 3190 ubi
749 3130 786 3190 de
803 3135 996 3191 sacrosanctis
1014 3132 1202 3203 sacramentis

116 3237 151 3275 ac
163 3220 337 3296 praesertim
354 3216 392 3275 de
406 3214 601 3276 eucharistiae
614 3227 798 3277 sacramento
816 3228 925 3296 agunt,
954 3228 987 3276 ut
1002 3219 1204 3276 Tertullianus

114 3300 156 3361 ad
170 3303 330 3363 uxorem2
351 3304 372 3365 4
393 3312 423 3359 et
444 3306 481 3375 6,
511 3302 543 3361 S.
562 3303 737 3361 Ambrosius
753 3302 790 3360 de
802 3304 904 3360 Fratre
924 3321 979 3362 suo
1001 3313 1032 3361 et
1049 3301 1088 3360 de
1101 3304 1206 3363 Sacra-

114 3396 209 3446 ment.
224 3387 246 3444 1.
260 3385 298 3460 4,
320 3386 353 3444 S.
367 3387 483 3462 Eligiua
499 3388 610 3445 Homil.
627 3387 664 3462 8,
687 3398 716 3445 et
730 3390 763 3446 S.
776 3391 859 3446 Zeno
875 3390 983 3447 Veron.
998 3389 1116 3447 inritat.
1136 3392 1156 3453 8
1170 3383 1208 3444 ad

114 3474 251 3530 Fontem.
272 3468 354 3529 unda
368 3472 400 3527 in
414 3472 511 3532 Gloas.
526 3475 592 3531 Lat.
608 3474 659 3530 Gr.
676 3471 842 3531 desiderata
856 3476 1016 3552 exponitur
1029 3473 1208 3552 λειτουργία,

114 3551 224 3635 τελετή,
247 3553 280 3614 id
295 3564 341 3614 est
353 3569 572 3616 sacrosanctum
584 3560 694 3616 missae
711 3558 855 3631 officium,
876 3560 981 3637 inquo
997 3578 1105 3637 corpus
1119 3556 1207 3617 Clari·

115 3644 155 3703 sti
167 3651 196 3699 et
209 3639 328 3700 divinae
343 3639 538 3702 eucharistiae
548 3653 767 3701 conmmeatum
781 3643 942 3718 conficitur,
960 3646 1004 3701 uti
1018 3642 1137 3721 pridem
1153 3643 1208 3701 oh-

116 3737 270 3786 servarunt
284 3730 342 3785 los.
359 3728 494 3807 Scaliger
507 3732 538 3786 in
553 3729 696 3807 Epistolis
712 3748 742 3807 p.
758 3727 837 3802 195,
865 3728 1057 3787 Caeauhonus
1075 3728 1209 3787 Exercit.

119 3815 158 3874 16
177 3809 216 3869 ad
230 3813 340 3871 Annei.
354 3815 462 3871 Barnu.
476 3833 502 3871 c.
517 3811 578 3887 45,
599 3812 732 3871 haoerda
745 3816 777 3871 iu
788 3813 914 3872 Advers.
927 3834 952 3872 c.
969 3816 1028 3876 136
1047 3832 1080 3872 n.
1097 3814 1155 3889 15,
1180 3821 1210 3871 et

116 3898 180 3955 alii.
223 3910 357 3956 centrum
371 3898 500 3978 denique
521 3895 602 3976 apud
616 3900 771 3957 Nicolaum
783 3897 861 3957 nihil
873 3896 956 3957 aliud
968 3907 1014 3957 est
1027 3916 1121 3979 quam
1137 3917 1211 3958 cou-

117 3980 191 4040 chae
205 3985 308 4043 altaris
320 4003 389 4063 pars
404 3985 553 4062 superior,
583 4000 659 4062 quae
673 3985 704 4041 in
719 3981 849 4042 conchae
862 3981 1093 4044 similitudinem
1104 4003 1212 4043 curva·

117 4079 166 4127 tur
179 4088 214 4127 ao
227 4072 379 4143 sitiuntur,
408 4079 437 4125 et
451 4087 543 4146 quam
557 4068 653 4126 stellis
666 4079 887 4145 coruscantem,
914 4070 1008 4128 veluti
1026 4071 1147 4130 osclum
1162 4090 1214 4128 ra-

118 4163 368 4230 praesentantem‚
390 4149 530 4211 describit
546 4152 689 4212 Paulinus
702 4155 770 4211 Nat.
786 4156 841 4218 10:

283 4248 327 4295 set
339 4238 428 4296 ets'eom
441 4239 577 4297 deteriore
589 4239 658 4297 mors
672 4239 794 4298 macria
807 4241 841 4299 irs
852 4236 944 4299 nahe
