2738 4762
228 336 280 407 70
668 331 729 398 DU
755 327 895 397 caron

225 502 322 581 μανόν
342 499 380 557 de
402 496 521 555 murdre
543 506 747 574 transponat,
771 506 799 553 et
813 494 851 553 de
858 493 1013 573 plusieurs
1019 498 1128 573 petitas
1143 496 1285 557 τοίοειιιεε
1293 498 1328 561 de

230 585 348 645 nrarbre
371 594 400 641 et
423 583 460 641 de
480 582 638 658 serpentis.
685 591 774 661 atque
794 578 902 639 harum
917 579 1041 661 quidem
1053 582 1268 643 columnarum
1280 606 1328 645 ca·

230 671 334 751 pitella
362 688 448 727 aerea
473 677 596 746 argento
619 675 650 725 et
669 686 742 725 auro
763 675 958 725 exornantur.
1000 667 1192 729 silentiarius
1212 674 1324 751 part.1

229 776 260 816 v·
277 757 357 821 252:
1315 782 1319 789 ·

726 825 771 897 οίν
784 829 846 897 oui
857 831 950 909 πέζαν

393 921 495 993 κίονες
508 912 669 1001 ἱδρύσαντο
682 914 818 1001 καρήατα
832 917 938 999 δίσμια
950 922 1060 1001 χαλκῷ,

391 1000 516 1086 χλεύκια
531 1000 758 1083 χρυσεάτευκτα,
778 997 1010 1083 ιιαραιιλάξοντα
1024 1004 1180 1086 μερίμνας.

231 1110 307 1173 quos
330 1090 453 1171 quidem
476 1100 596 1149 ornatus
618 1092 762 1169 temporis
784 1090 893 1147 iniuria
914 1108 949 1147 ao
968 1100 1115 1149 vetustata
1136 1102 1324 1173 cousumptos

230 1178 383 1237 renovavit
397 1178 548 1233 Romanus
564 1177 707 1254 Argyros.
750 1174 910 1255 Soylitzes:
931 1170 1157 1255 κατελάμπρυνε
1174 1174 1210 1239 dl
1226 1178 1277 1241 καλ
1289 1175 1324 1241 τά

230 1255 415 1339 κιονόκρανα
434 1264 488 1338 τῆς
512 1255 640 1340 μεγάλης
664 1259 822 1339 ἐκκλησίας
841 1258 895 1323 καλ
913 1262 968 1340 τῆς
987 1256 1155 1343 διιεραγίας
1176 1256 1324 1329 θεοτάιιον

227 1352 290 1411 τοῖν
300 1348 477 1425 Βλαχερνοῑν
491 1338 611 1427 α’ργυρρῖ
624 1342 676 1405 καί
687 1349 796 1428 χρυσῷ.

254 1456 260 1463 ·
314 1432 363 1493 11.
405 1428 466 1489 Sed
478 1440 594 1508 praeter
606 1426 684 1486 hanc
697 1431 853 1488 marmoris
864 1426 1028 1489 iucundam
1039 1440 1218 1511 gratamque
1228 1434 1324 1491 varie-

227 1526 338 1590 tatem,
364 1518 481 1574 musivo
501 1515 613 1595 ubique
632 1514 696 1572 fere
717 1525 887 1573 exornatur.
940 1534 1074 1573 camerae
1097 1518 1197 1590 enim,
1228 1519 1324 1599 inquit

229 1603 363 1681 Gyllius‚
389 1600 511 1658 calculis
533 1609 563 1657 et
586 1600 715 1658 tessellis
732 1602 834 1657 vitreis
855 1601 999 1658 inauratis
1021 1600 1156 1679 fulgent,
1174 1604 1268 1661 etiarn
1286 1600 1323 1661 ad

231 1687 334 1745 oculos
354 1685 563 1758 barbarorum,
586 1687 617 1742 in
633 1684 741 1764 quibus
756 1704 915 1763 expressae
928 1687 1028 1743 variae
1042 1696 1204 1745 cernuntur
1217 1690 1324 1767 imagi·

229 1791 283 1830 nes
299 1782 329 1830 et
342 1771 469 1849 figurae,
491 1771 531 1826 ita
549 1779 581 1827 ut
597 1770 775 1828 tabellarum
789 1773 884 1828 vicem
898 1770 1050 1849 expleant.
1092 1772 1208 1831 Paulus
1226 1774 1324 1834 Silan-

230 1859 332 1917 tiarius
345 1866 420 1937 part.
434 1860 455 1919 2
468 1875 497 1912 v.
512 1859 587 1918 230:

391 1939 466 2021 ιιρλν
480 1935 512 2000 δέ
527 1934 726 2019 πολυτμήτοιο
743 1936 830 2012 σὲλας
843 1940 982 2018 ψηφῖδας
998 1936 1128 2019 ίκὲσθαι,

391 2017 500 2095 λεπτάς
513 2020 656 2103 λαότορος
670 2021 793 2105 ιιαλάμη
807 2020 931 2106 λάϊγχας
943 2022 1086 2102 δφαίναν

391 2105 564 2187 μαρμαρίας
581 2107 693 2188 ἔγραψε
707 2106 779 2189 μετά
791 2107 924 2184 κλάκας,
945 2109 976 2184 ίς
991 2108 1066 2191 μίσα
1079 2111 1200 2193 τοίχων,

392 2187 536 2253 σάνδετον
552 2186 728 2275 εάκάριιοισι
743 2193 832 2274 κίρας
846 2191 992 2278 βεβριθός
1008 2188 1143 2279 όιιιόραις

392 2274 444 2338 καί
458 2272 605 2356 ταλάρους
618 2276 668 2339 καί
684 2274 798 2355 φύλλα,
820 2290 876 2337 etc.

231 2368 261 2419 et
272 2377 332 2440 quo
345 2355 484 2421 describit
498 2363 564 2421 loco
579 2366 711 2443 porticus
726 2367 834 2422 atrium
848 2364 1029 2439 ambientes,
1051 2384 1080 2422 r.
1096 2366 1176 2432 1902

724 2444 922 2531 πολυτμήτονν
941 2447 974 2512 δὲ
989 2446 1141 2528 μετάλλων

393 2528 525 2610 άρμονίη
543 2531 740 2614 χραφίδεσσιν
755 2530 897 2609 ίσάζεται·
922 2533 955 2597 ἒν
969 2531 1026 2616 γάρ
1040 2534 1142 2620 ἐκείνῃ

392 2611 582 2695 τετρατόμοις
595 2613 697 2679 λάεσσι
710 2618 760 2680 καλ
775 2613 965 2699 άκτατόμοισι
977 2612 1100 2701 νοήσεις

393 2701 589 2782 ζευχννμίνας
601 2698 675 2764 κατά
690 2700 804 2784 κόσμον
818 2703 898 2785 όμοτῖ
910 2704 1039 2785 φλίβας·
1062 2698 1191 2788 άχλαῖην
1202 2701 1238 2770 δδ

391 2785 552 2858 {corduno
571 2782 688 2868 λάῖγγες
705 2785 888 2870 ἐμιμήσαντο
905 2792 1047 2853 δεθεῖσαι.

230 2866 352 2927 Manuel
372 2869 583 2950 Chrysoloras:
617 2869 655 2937 οά
675 2873 746 2949 τοάς
765 2878 885 2951 κίονας,
908 2870 946 2938 ον’
969 2872 1023 2948 τάς
1042 2875 1198 2955 ψηφῖδας,
1220 2868 1262 2937 ον’
1274 2869 1331 2949 τάς

228 2956 291 3014 τοῖν
307 2956 415 3035 τοίχων
431 2956 653 3039 μαρμαροόσεις,
676 2954 714 3022 ου’
734 2956 791 3041 τήν
810 2957 917 3037 ὕελον,
939 2954 977 3024 σά
994 2957 1046 3023 τόν
1063 2959 1096 3023 ίν
1112 2954 1194 3067 crispi
1208 2956 1329 3039 χαλκόν,

123 3037 145 3090 Ρ
162 3036 215 3094 532
231 3032 269 3100 οδ
281 3035 334 3102 τόν
345 3037 509 3122 μόλιβδον,
533 3039 570 3107 od
585 3042 636 3108 τόν
651 3046 791 3128 σίδηρον,
813 3040 852 3108 ον’
864 3043 921 3126 τήν
935 3038 1121 3128 σάπφειρον,
1145 3067 1182 3107 ου
1192 3042 1244 3106 τόν
1255 3068 1330 3125 χρυ-

230 3116 302 3198 σόν,
327 3121 365 3187 ου’
384 3126 441 3206 τήν
460 3123 549 3192 όελον
574 3121 667 3202 αὖθις
679 3125 735 3208 τήν
750 3129 783 3193 ἐν
796 3137 862 3205 ταῖς
873 3136 1026 3209 ψηφῖσιν,
1049 3123 1108 3193 οάκ
1130 3127 1202 3192 άλλο
1221 3128 1330 3193 dosoris

229 3206 318 3287 μέρος
332 3206 463 3291 α’κριβοῖς
479 3215 648 3295 δυναίμεθα
662 3213 826 3289 καταλέξαι.
868 3217 977 3274 musivi
993 3219 1084 3274 etiam
1096 3218 1255 3274 materiam
1270 3234 1330 3273 ex-

227 3296 335 3369 pressit
347 3298 537 3375 Anonyrnus,
561 3298 633 3359 dum
648 3303 688 3358 ait
701 3302 899 3359 lastinianum
910 3300 1075 3360 testudines
1087 3312 1152 3359 turn
1165 3298 1248 3359 aedis
1262 3312 1330 3359 tum

227 3378 395 3453 porticuum
412 3381 442 3454 ἐξ
458 3381 579 3446 υέλίνου
596 3390 711 3464 χρυσοῦ
725 3385 900 3460 deaurasse,
923 3385 1090 3445 cuiusmodi
1106 3388 1259 3444 musicum
1274 3384 1331 3444 da-

227 3472 370 3519 ouratum
390 3476 476 3523 vocat
495 3471 668 3529 Arrestasius
681 3475 714 3529 in
731 3473 874 3550 Gregorio
890 3492 922 3530 ιτ
936 3493 966 3551 p·
984 3473 1060 3546 160,
1083 3474 1198 3551 μωσίον
1215 3464 1330 3549 χρυσόν

227 3547 404 3626 Anorrymus
422 3548 458 3607 de
471 3551 545 3611 locis
559 3555 613 3612 SS·
628 3576 658 3634 p·
674 3557 733 3631 81,
754 3554 925 3639 xtvwvl'ds
939 3559 1080 3635 ψηφῖδας
1094 3554 1282 3635 Sophronias
1295 3559 1329 3613 in

229 3632 373 3691 Encomio
390 3634 446 3693 SS.
462 3636 531 3715 Cyri
548 3649 577 3694 et
592 3643 728 3713 loannis,
750 3645 862 3720 χρυσοῖς
881 3643 1023 3720 ψηφῖδας
1042 3639 1246 3720 Theophanes
1269 3644 1331 3700 Ce-

229 3734 348 3775 rameus
372 3721 460 3777 Hom.
483 3720 541 3793 55,
568 3725 675 3780 vitreos
700 3724 816 3803 lapides
835 3726 930 3807 fulvo
959 3747 1034 3784 αιι-νο
1058 3737 1236 3805 supertectus·
1259 3729 1331 3785 Vita

231 3802 264 3858 S.
286 3804 440 3862 Laurentii
459 3808 590 3886 episcopi
612 3808 762 3887 Sipontini
781 3831 812 3868 rr.
837 3816 886 3874 11.
929 3813 1017 3891 quale
1032 3832 1101 3871 vero
1115 3813 1174 3869 fuit
1186 3831 1332 3871 caemen-

230 3894 296 3943 tum
317 3906 376 3967 quo
394 3899 456 3947 tota
479 3889 561 3949 aedis
576 3911 733 3972 compages
749 3915 802 3953 seu
816 3899 916 3975 potius
932 3895 1048 3977 lapides
1065 3907 1116 3955 aut
1131 3898 1241 3956 lateres
1255 3918 1332 3956 con-

230 3973 378 4046 tinentur,
401 3985 430 4032 et
443 3994 483 4032 ex
496 3977 603 4054 quibus
619 3981 782 4037 constiterit
797 3983 967 4061 speciebus,
991 3981 1132 4041 describit
1145 3981 1228 4040 idern
1241 3986 1333 4041 Ano·

230 4076 340 4135 nymus
357 4060 590 4121 combefisianus
602 4082 634 4167 p.
648 4064 720 4126 249.
762 4070 881 4125 tametsi
894 4069 1047 4149 plerisque
1059 4070 1092 4126 in
1106 4068 1181 4126 locis
1195 4060 1233 4130 οά
1247 4070 1333 4130 τίτα-

230 4164 299 4217 νος,
321 4137 414 4224 όνπερ
431 4140 576 4225 άσβεστον
593 4144 806 4228 ονομάζουσιν,
830 4147 886 4214 ου’νι
901 4148 1068 4230 ἄσφαλτος,
1090 4146 1165 4214 άλλά
1185 4147 1333 4234 μόλιβδος

230 4225 261 4299 ἐς
283 4226 374 4308 τόλμα
395 4229 501 4311 χυθεὶς
514 4231 565 4293 καί
579 4230 688 4311 μεταξά
706 4231 874 4316 πανταχόσε
889 4232 1043 4317 χωρήσας,
1064 4237 1182 4317 lapides
1197 4242 1331 4298 invicem

233 4324 387 4376 connectat
412 4334 447 4376 ac
470 4320 660 4400 constringat.
704 4320 785 4404 qnod
809 4324 901 4382 etiam
924 4326 1022 4403 attigit
1043 4324 1256 4401 silentiarium
1278 4328 1331 4407 qui
